3216 5106
850 276 989 388 M.

415 531 520 619 Atque
543 533 699 617 imprimis
722 552 853 600 monere
868 534 1003 600 velimus
1025 553 1053 598 v.
1072 537 1133 598 225
1151 549 1217 614 sqq.
1242 549 1350 596 omnes
1365 527 1468 594 libros

327 679 371 688 -
386 639 454 706 cod.
470 640 498 704 E
522 643 653 721 excepto
676 639 732 720 ita,
755 643 792 704 ut
806 639 997 721 Periphanis
1019 642 1097 704 nota
1112 636 1204 702 initio
1219 653 1332 700 versus
1348 633 1471 700 omissa

328 745 432 811 medio
454 749 562 811 tamen
585 743 707 809 inserta
729 743 782 824 sit,
806 741 844 810 ci.
875 742 984 806 Geato.
1010 743 1059 808 ed.
1077 741 1167 807 Cure.
1193 737 1293 821 praei.
1317 759 1347 821 p.
1360 735 1407 802 XI
1424 775 1471 783 -

328 849 500 932 Periphani
523 849 614 914 dare:
638 866 734 930 quam
755 866 967 929 personarum
991 845 1234 928 dispositionem
1256 843 1304 908 ita
1326 843 1471 908 retinen-

237 1029 242 1042 *
328 955 402 1020 dam
431 971 504 1020 esse
533 957 694 1035 putamus,
727 956 764 1018 ut
793 951 862 1018 cod.
888 950 998 1017 Ambr.
1022 950 1215 1016 auctoritate
1245 948 1355 1029 innixi,
1386 964 1471 1030 quae

327 1077 402 1124 mss.
425 1058 446 1124 J
453 1057 511 1122 FZ
534 1055 596 1122 fide
618 1055 774 1138 firmatur,
798 1060 902 1122 totum
923 1055 1028 1122 locum
1052 1051 1243 1120 scribamus:

328 1231 428 1317 Epid-
455 1247 505 1347 (vad
523 1250 712 1301 monstruosae
730 1247 815 1302 uestis
834 1245 954 1316 speciem
971 1245 1068 1300 miram
1086 1244 1189 1300 ironice
1208 1243 1363 1310 alludenslz

457 1352 679 1468 Inpluviatam
703 1357 740 1417 ut
762 1353 844 1418 istae
865 1351 988 1418 iaciunt
1010 1351 1209 1418 vestimentis
1232 1351 1368 1416 nomina.

329 1474 462 1560 Pamph.
489 1473 578 1558 Ut(i)
602 1473 779 1556 inpluvium
801 1474 915 1540 induta
936 1473 1044 1556 fuerit,
1073 1474 1150 1556 quid
1175 1473 1258 1538 istuc
1280 1479 1347 1538 tam
1369 1468 1467 1538 mird-

951 1577 983 1642 b.

461 1679 560 1760 Quasi
581 1700 645 1746 non
667 1679 775 1746 fundis
798 1578 1114 1748 exometaellemsrblbae
1136 1681 1286 1746 incedant
1306 1681 1366 1764 per
1388 1681 1468 1746 vias

329 1802 429 1888 Epiri.
454 1803 516 1868 Ein
546 1802 712 1886 Hofldeid,
744 1803 804 1869 wie
835 1804 903 1869 dies
935 1804 1012 1870 tolle
1038 1803 1123 1869 Volk
1153 1803 1211 1868 der
1240 1822 1343 1868 neuen
1373 1802 1470 1867 Mede

949 1908 1073 1974 Namen
1096 1907 1220 1973 schafft.

329 2014 462 2100 Periph.
487 2011 562 2080 Und
584 2016 660 2095 trug
682 2011 730 2078 sie
746 2012 847 2078 selbst
870 2012 941 2078 'nen
964 2031 1087 2095 ganzen
1102 2011 1181 2096 Hof,
1204 2031 1269 2078 uer
1283 2011 1377 2102 ittnde
1401 2013 1470 2079 dies

839 2161 840 2164 κ
949 2135 985 2182 so
1009 2117 1206 2183 senderbar?

459 2221 551 2288 Sieht
571 2241 645 2287 man
676 2221 723 2287 sie
746 2220 827 2287 doch
858 2219 916 2286 mit
944 2220 1073 2285 (littera
1095 2221 1200 2306 gleich
1229 2219 1408 2287 beschwert
1429 2242 1470 2286 zu

953 2326 1042 2392 Hauf
1062 2327 1113 2392 die
1137 2325 1232 2392 Stadt
1254 2325 1469 2392 durchzieh'n.

283 2499 285 2506 ⁵
417 2520 485 2584 lam
507 2517 592 2601 quod
614 2536 723 2584 omnes
746 2515 821 2584 libri
850 2537 879 2583 v.
897 2521 959 2583 229
976 2535 1044 2599 sqq.
1072 2516 1246 2598 Periphani
1273 2520 1470 2601 continuant,

329 2627 521 2690 erraverunt
543 2641 661 2702 omnes,
685 2626 722 2686 ut
744 2621 922 2704 opinamur,
946 2620 1001 2703 qui
1023 2639 1177 2703 personas
1200 2627 1325 2688 mutare
1348 2624 1470 2691 volunt.

329 2728 421 2794 Licet
444 2726 528 2792 enim
550 2724 702 2791 subtilius
732 2725 912 2809 Wapnecas
934 2725 955 2789 l.
972 2743 997 2788 s.
1015 2743 1040 2788 s.
1068 2743 1100 2806 p.
1118 2728 1158 2789 33
1182 2725 1373 2792 iudicaverit
1394 2729 1471 2811 Epi-

263 2881 266 2888 .
331 2833 437 2898 dicum
459 2831 716 2912 importunarum
737 2848 874 2895 uxorum
902 2828 1203 2894 commemoratione
1229 2836 1360 2912 praeter
1383 2833 1472 2898 calli-

330 2937 465 3003 dilatem
485 2933 676 3018 Periphanis
705 2934 845 3000 animum
866 2952 1113 3016 praeoccupare,
1141 2952 1239 3016 quum
1267 2936 1337 3018 ipse
1357 2944 1472 3019 postea

332 3038 543 3122 Stratippocli
566 3057 698 3105 uxorem
721 3035 942 3104 arbitrandum
965 3043 1095 3103 censeat
1119 3075 1159 3084 —
1182 3058 1256 3104 nam
1278 3059 1380 3122 neque
1404 3061 1471 3106 ma-

329 3150 441 3210 tronas
464 3143 620 3226 imprimis
642 3143 834 3226 perstringit
853 3161 976 3224 servus
1000 3161 1112 3225 neque,
1137 3143 1164 3207 si
1180 3144 1227 3208 ita
1243 3151 1339 3226 esset,
1363 3145 1471 3227 inepte

329 3267 438 3316 senem
470 3251 736 3330 praeoccuparet,
772 3245 1031 3329 quandoquidem
1065 3252 1098 3311 et
1130 3247 1321 3330 Periphanis
1355 3249 1471 3314 horror

330 3353 500 3419 mulierum
530 3350 582 3435 (ci.
606 3371 636 3416 v.
656 3357 717 3416 174
732 3348 816 3434 sqq.)
845 3350 1092 3433 haudquaquam
1123 3369 1218 3417 servo
1242 3353 1386 3435 ignotum
1408 3353 1472 3417 iam

333 3463 408 3524 ante
441 3455 639 3538 apparuerit,
680 3460 714 3521 et
747 3455 915 3520 consilium
946 3455 1056 3521 uxoris
1089 3454 1156 3520 lilio
1190 3457 1397 3522 arbitrandae
1431 3455 1471 3522 ab

331 3559 492 3644 Apoecide
507 3558 598 3640 prius
614 3563 894 3624 commemoratum
908 3559 953 3625 sit
968 3557 1021 3643 (cf.
1038 3579 1067 3624 v.
1086 3558 1169 3642 190),
1193 3553 1240 3624 ita
1254 3565 1291 3625 ut
1305 3559 1471 3625 muliebris

331 3664 436 3730 cultus
458 3661 666 3745 reprehensio
696 3663 810 3727 arriano
841 3663 926 3729 senis
958 3663 1159 3746 conveniens,
1190 3665 1357 3730 consilium
1387 3665 1472 3731 servi

332 3766 542 3854 (nuptiarum)
572 3767 797 3831 camessitate
828 3766 1008 3849 proiectum
1039 3774 1073 3834 et
1102 3768 1173 3832 ideo
1203 3769 1272 3834 seni
1301 3767 1472 3851 probatum

331 3871 418 3938 nullo
440 3869 535 3938 modo
559 3871 645 3937 inter
661 3889 696 3937 se
711 3871 904 3954 discrepent,
919 3911 958 3920 -
974 3878 1082 3938 tamen
1098 3873 1259 3939 cavillatio
1274 3875 1330 3940 ills
1346 3892 1473 3940 servum

332 3977 437 4042 minus
460 3994 556 4058 quam
585 3994 694 4041 senem
717 3975 818 4041 decet.
864 3975 910 4042 Ut
932 3978 1017 4044 enim
1045 3977 1231 4044 meretrices
1262 3983 1387 4044 tantum
1418 3977 1473 4044 illo

332 4081 403 4147 loco
424 4083 610 4162 tangantur,
633 4079 666 4144 in
685 4080 857 4162 propatulo
874 4087 925 4146 est
946 4081 1161 4162 Periphanem
1176 4087 1302 4163 patrem
1316 4082 1475 4148 luxuriem

333 4203 444 4252 earum
466 4181 599 4250 tributis
622 4185 772 4250 iuvenum
794 4184 893 4250 altam
916 4186 957 4270 (u.
975 4183 1052 4270 227)
1083 4185 1216 4251 meliore
1243 4187 1313 4252 iure
1340 4186 1475 4252 moleste

333 4288 419 4355 ferre
442 4292 539 4371 atque
561 4306 694 4372 carpere
716 4307 812 4371 quam
834 4288 1016 4372 Epidicum3
1040 4295 1078 4357 ut
1099 4295 1207 4356 autem
1230 4309 1294 4356 una
1308 4295 1475 4356 matronae
