3216 5106
774 273 981 370 ,0,

311 502 456 546 manaae
471 479 586 546 Plauto
608 478 773 544 vindicans
791 476 872 543 falso
896 477 937 542 ad
960 495 1078 543 annum
1100 476 1203 542 DLIV
1218 496 1245 542 a.
1263 497 1293 542 u.
1329 477 1453 562 (DLIlI

311 583 654 666 exhibeth'tscbelr'as,
667 581 954 664 fastisCapitolinis
966 580 1107 665 iunixus)
1120 581 1302 661 rettulerat,
1314 581 1452 663 Epidico

312 687 427 755 tribuit
457 693 490 754 et
518 687 663 771 probatis
693 686 982 751 Wt'oda'scbmoaoa'
1008 686 1205 770 argumentis
1233 703 1316 750 anno
1346 685 1452 750 DLIV

312 812 383 858 eam
405 793 437 856 in
461 810 589 858 scenam
603 791 763 873 prodiisse
787 791 848 856 sibi
863 791 1035 874 persuasit,
1059 790 1254 872 quodquam
1276 789 1320 854 sit
1333 787 1454 854 falsum

311 897 512 960 1111111111οε
535 895 763 960 dissertatione
792 885 851 960 sua
879 897 950 976 ,Die
972 893 1208 977 plautinisclren
1230 893 1453 958 Didaskalien‘

312 1001 393 1084 (par.
416 1021 446 1083 p.
465 1005 526 1065 249
544 1000 626 1083 sqq.)
650 1005 683 1065 et
704 999 917 1084 Lodewt'pa’as
948 1002 982 1066 in
1005 1000 1195 1064 Ztmmerm.
1221 999 1324 1064 diurn.
1349 999 1451 1080 antiq.

313 1103 396 1169 stud.
431 1123 458 1168 a.
492 1109 572 1169 1841
607 1124 637 1186 p.
658 1109 740 1169 1080
757 1123 825 1186 sqq.
867 1105 946 1170 satis
982 1105 1292 1170 demonstraverunt.
1346 1101 1454 1179 Quum

311 1207 413 1289 igitur
442 1207 565 1272 literati
593 1208 641 1272 illi
663 1209 806 1296 homines
834 1209 943 1274 inania
970 1212 1147 1290 captarent,
1175 1207 1231 1272 alii
1258 1206 1454 1270 senteutiam

313 1311 420 1377 nescio
455 1329 518 1392 qua
552 1313 747 1394 cogitatione
780 1313 939 1378 moderati
979 1313 1019 1378 ad
1052 1311 1178 1394 priores
1210 1310 1319 1375 Plauti
1351 1329 1455 1376 annos

312 1416 482 1498 Epidicum
504 1414 672 1498 referrent,
697 1422 734 1481 ut
758 1416 793 1481 S.
820 1417 1054 1501 Vtssertaptas,
1083 1415 1138 1497 qui
1159 1415 1179 1478 1.
1197 1433 1221 1479 s.
1240 1432 1264 1479 s.
1295 1433 1358 1478 11011
1381 1415 1454 1480 sine

313 1521 461 1586 cautione
484 1520 614 1603 scripsit
636 1521 806 1603 Epidicum
826 1521 965 1605 fortasse
992 1521 1154 1604 prioribus
1177 1518 1455 1584 adnumerandum

315 1641 386 1690 esse
409 1630 542 1706 propter
565 1626 786 1706 1,1,2s-31‚
810 1627 895 1708 11,2,
912 1632 960 1708 13,
992 1631 1025 1691 et
1045 1625 1228 1707 nuperrime
1255 1625 1288 1688 in
1311 1623 1454 1688 editione

314 1747 372 1794 sua
401 1727 587 1812 1101109101,
612 1735 735 1795 certum
757 1729 1000 1796 fundamentum
1022 1731 1086 1795 iam
1108 1727 1310 1792 Ettsebela'as
1332 1727 1455 1792 iecerat

313 1833 500 1916 quaestione
523 1853 581 1899 sua
604 1835 662 1914 ,De
685 1835 792 1900 Plauti
813 1834 1047 1917 Bacchidibus‘,
1071 1853 1134 1917 qua
1155 1833 1238 1898 hanc
1259 1829 1399 1896 fabulam
1424 1849 1452 1895 a.

313 1937 445 2001 DLXV
469 1937 615 2020 (DLXIV
636 1958 686 2020 ap.
710 1939 766 2021 R.)
798 1940 848 2005 vel
878 1939 973 2021 paulo
1004 1944 1079 2022 post
1104 1937 1243 2020 primum
1273 1939 1455 2016 spectatam

315 2059 386 2106 esse
408 2041 614 2123 argutissime
637 2043 715 2107 vicit
746 2048 779 2108 et
801 2045 847 2109 ita
869 2045 993 2126 primus
1022 2042 1195 2107 terminum
1225 2045 1348 2111 certum
1378 2057 1454 2104 con-

316 2145 434 2226 stituit,
458 2149 533 2210 ante
556 2163 650 2227 quem
672 2147 841 2228 Epidicum
864 2153 968 2213 actam
991 2166 1062 2214 esse
1085 2149 1223 2228 oportet.
1247 2181 1290 2190 -
1312 2143 1385 2208 Non
1406 2144 1455 2208 ita

313 2249 413 2314 multo
435 2253 512 2330 post
525 2249 698 2314 Nabdates
720 2251 848 2333 quidam
862 2252 1091 2334 Francogallus
1115 2249 1212 2314 simili
1234 2249 1359 2314 ratione
1374 2265 1454 2314 usus

314 2353 348 2418 in
370 2353 458 2418 Diar.
481 2353 568 2418 erud.
593 2353 791 2436 Francogall.
816 2375 843 2420 a.
865 2362 946 2421 1838
969 2377 999 2439 p.
1018 2361 1080 2420 412
1097 2373 1165 2438 sqq.
1198 2353 1367 2435 Epidicum
1389 2371 1456 2417 una

220 2509 221 2512 ,
316 2475 387 2523 cum
399 2457 515 2522 ceteris
527 2457 634 2524 Plauti
645 2457 761 2524 fabulis
779 2461 972 2526 examinavit
987 2465 1020 2526 et
1032 2459 1143 2525 multis
1157 2457 1301 2541 prolecto
1314 2457 1456 2522 animum

314 2562 497 2642 advertens,
521 2579 602 2642 quae
623 2561 684 2627 hac
706 2563 737 2627 in
754 2565 942 2646 quaestione
964 2565 1038 2630 usui
1053 2568 1138 2644 sunt,
1163 2581 1244 2628 anno
1259 2562 1364 2626 DLlX
1379 2581 1407 2626 a.
1422 2581 1452 2626 u.

315 2664 456 2730 fabulam
485 2663 601 2731 tribuit
629 2668 650 2750 (,
664 2718 671 2732 .
685 2717 692 2732 .
759 2669 790 2733 le
812 2670 974 2734 Poenulus
1002 2668 1110 2734 venait
1141 2685 1217 2732 avec
1239 2665 1398 2747 Epidique
1421 2669 1456 2730 et

314 2770 503 2835 l’Aululaire
517 2771 662 2835 soutenir
675 2772 708 2836 la
719 2773 904 2854 reputation
919 2773 962 2838 du
976 2777 1071 2854 poste
1087 2790 1126 2835 en
1140 2789 1176 2836 ce
1191 2774 1295 2851 temps
1308 2767 1453 2851 (1)11111);

319 2874 428 2940 c'etait
449 2873 574 2938 l'annee
597 2867 640 2940 du
662 2877 808 2941 consulat
835 2877 874 2941 de
897 2875 999 2941 Caton
1024 2878 1108 2940 ....‘
1131 2894 1161 2956 p.
1179 2871 1265 2957 422).
1312 2871 1455 2936 Primum

317 2983 427 3042 monet
448 2995 476 3042 v.
495 2982 622 3042 29-36
646 2977 770 3045 nobiles
792 2981 865 3046 illos
881 2986 1038 3046 Romanos
1061 2979 1161 3061 tangi,
1185 2977 1240 3058 qui
1262 2993 1455 3057 quamquam

316 3082 402 3165 apud
425 3081 549 3147 Cannas
572 3081 740 3165 fugissent,
765 3085 969 3150 nihilominus
993 3085 1034 3149 ad
1057 3100 1197 3149 summos
1219 3081 1357 3160 honores
1380 3097 1454 3160 per-

310 3186 471 3268 ‘venerint
495 3203 591 3268 quum
622 3189 762 3269 gregarii
790 3189 909 3254 milites
939 3209 978 3254 ex
1000 3189 1056 3253 illa
1082 3185 1172 3252 clade
1195 3183 1389 3266 superstites
1411 3179 1453 3246 ob

316 3290 450 3355 eandem
472 3289 580 3372 fugam
603 3291 636 3355 in
660 3291 801 3357 Siciliam
823 3293 959 3374 relegati
982 3293 1057 3372 sint,
1083 3289 1121 3356 cf.
1145 3289 1214 3354 Liu.
1237 3287 1381 3368 XXV,7;
1405 3285 1453 3349 ni·

315 3395 432 3460 mirum
453 3395 579 3476 plebem
602 3413 659 3461 suo
682 3397 753 3461 iure
774 3397 836 3462 hoc
858 3415 954 3480 aegre
978 3396 1092 3460 tulisse
1114 3399 1147 3460 et
1168 3399 1314 3474 tempore
1337 3408 1453 3472 oppor-

316 3503 394 3563 tuno
418 3517 534 3580 magna
549 3519 626 3566 voce
648 3501 858 3582 patriciorum
881 3501 1030 3566 iniuriam
1053 3497 1262 3564 accusavisse.
1300 3495 1368 3559 lam
1391 3511 1453 3575 quo

316 3602 379 3667 alio
402 3603 462 3668 hoc
484 3601 610 3668 facilius
632 3603 703 3669 fieri
725 3605 871 3686 potuisse
900 3624 995 3688 qnam
1016 3604 1071 3668 illo
1095 3619 1186 3682 anno,
1216 3616 1278 3681 quo
1301 3597 1380 3662 Cato
1404 3614 1453 3661 se-

316 3725 411 3772 verus
427 3708 539 3772 consul
552 3707 673 3773 fuerit?
699 3710 790 3774 Intra
804 3709 888 3775 hunc
903 3710 1003 3792 igitur
1019 3725 1136 3774 annum
1158 3702 1287 3790 (DLIX)
1303 3701 1453 3766 Plautum

318 3831 337 3876 a
360 3810 480 3876 Catone
507 3816 646 3877 stantem
675 3813 708 3877 in
730 3812 864 3895 Epidico
894 3831 953 3878 sua
978 3811 1132 3894 patricios
1160 3807 1343 3874 cavillatum
1370 3821 1450 3870 esse.

317 3917 463 3984 Eundem
484 3933 561 3981 vero
589 3917 815 3999 castigatorem
837 3935 961 3982 morum
985 3913 1260 3982 deflorescendum
1283 3931 1322 3976 ex
1337 3907 1454 3976 acerba

317 4025 373 4090 illa
394 4021 642 4105 reprehensione
673 4021 895 4087 libertiuomm
924 4023 1060 4088 divitum
1083 4017 1241 4102 cognosci,
1271 4016 1326 4098 qui
1349 4031 1452 4080 mere-

319 4125 454 4193 tricibus
484 4129 572 4190 totos
603 4124 719 4191 fundos
756 4126 876 4192 donare
905 4128 1039 4210 possint,
1073 4121 1231 4189 tributum
1260 4120 1453 4202 imperatum

319 4229 459 4317 pendere
485 4247 548 4293 non
575 4231 709 4312 possint.
757 4231 813 4298 Sin
836 4237 943 4298 autem
973 4233 1044 4316 quis
1067 4227 1219 4296 audacius
1247 4227 1326 4292 haec
1347 4225 1453 4306 posita
