3216 5106
791 315 830 376 10

240 521 345 586 causis
367 520 425 586 bas
448 519 576 588 fabulae
605 525 715 602 partos
745 521 902 602 ,consulto
934 519 991 584 sod
1021 539 1084 586 non
1120 519 1201 586 satis
1223 537 1377 601 prospere

239 644 405 708 repressas
429 628 509 692 esse‘
533 626 662 690 iudicat.
838 706 841 711 Ι

330 729 416 807 Quas
440 731 473 796 in
496 730 674 796 sententias
705 729 733 794 si
763 729 965 812 inquirimus,
997 732 1073 792 aute
1095 727 1203 793 onmia
1232 732 1377 807 nonest,

242 852 299 900 cur
331 834 558 917 Stratippoclis
580 833 835 916 Periphanisque
864 832 993 914 nuptias
1023 830 1263 896 confundamus.
1310 831 1378 896 lllis

240 937 324 1004 enim
354 937 394 1002 ab
418 936 579 1019 Apoecide
601 936 832 1002 commendatis
863 937 905 1018 (v.
934 937 1007 1018 189)
1037 935 1274 1017 Periphaniqne
1304 954 1378 1016 pro-

240 1040 325 1106 batis
347 1046 444 1123 pocta
465 1041 499 1106 id
521 1058 619 1106 arnum
642 1044 778 1122 spectat,
810 1045 847 1104 ut
869 1039 1003 1122 Epidico
1032 1038 1162 1106 senibus
1193 1039 1378 1105 subauscul-

240 1145 322 1210 tanti
338 1151 460 1211 certum
476 1144 598 1227 aliquid
612 1142 853 1210 fundamentum
869 1142 975 1222 iaciat,
999 1143 1050 1208 cui
1065 1142 1218 1208 insistens
1233 1140 1378 1208 fraudem

240 1267 381 1330 pangere
403 1249 525 1331 possit;
556 1248 603 1314 ita
632 1267 708 1314 uero
739 1266 853 1314 servus
881 1247 1046 1332 inducitur
1076 1247 1117 1313 ad
1147 1246 1234 1328 patri
1264 1245 1379 1312 callide

241 1351 447 1434 suadendum,
479 1358 516 1418 ut
540 1351 606 1418 filio
635 1371 765 1418 uxorem
792 1351 955 1418 arbitrans
978 1352 1112 1418 amicam
1140 1355 1379 1433 praemercetur

241 1453 293 1538 (cl.
326 1475 354 1519 v.
381 1460 442 1520 267
474 1455 566 1538 squ).
617 1455 646 1522 U
691 1456 792 1538 igitur
822 1455 1049 1538 Stratippoclis
1078 1455 1264 1538 nuptiarum
1294 1473 1378 1520 corn-

241 1560 472 1624 memoratione
501 1578 617 1641 magna
648 1579 719 1625 eum
749 1545 820 1624 arte
851 1560 990 1626 sermoni
1022 1560 1146 1626 intexta
1175 1565 1273 1642 poeta
1300 1558 1378 1624 nihil

210 1655 212 1657 ’
240 1663 329 1728 aliud
351 1664 490 1730 voluisse
512 1664 641 1730 videtur
670 1682 766 1746 quam
789 1669 825 1728 ut
852 1662 1072 1746 spectantibus
1103 1665 1189 1729 servi
1217 1663 1379 1746 ingenium

172 1844 173 1848 Ἰ
241 1765 447 1848 significaret,
462 1759 465 1766 ’
480 1787 543 1850 quo
573 1769 740 1834 celerrime
769 1767 821 1832 hic
844 1768 936 1848 quasi
966 1787 1073 1834 coram
1104 1768 1249 1851 ipsorum
1277 1767 1379 1834 oculis

240 1869 364 1936 fraudis
387 1871 605 1938 instituendae
627 1872 785 1937 rationem
808 1871 946 1953 percipit
973 1874 1015 1955 (v.
1043 1878 1102 1938 192
1126 1872 1220 1955 squ),
1248 1873 1295 1936 ita
1316 1890 1380 1936 non

240 1975 468 2058 intellegimus,
503 1994 561 2042 cur
589 1977 719 2059 nuptias
753 1981 867 2058 postea
899 1982 988 2042 ratas
1022 1976 1250 2044 desideremus.
1295 1975 1379 2054 Quid

242 2079 347 2144 enirn?
391 2077 515 2146 Probat
536 2085 629 2162 pater
651 2080 821 2162 Apoecidis
844 2080 1020 2161 consilium,
1045 2081 1120 2145 dum
1142 2080 1378 2146 adulescentem

241 2182 387 2248 fidicinas
415 2181 585 2250 obnoxium
605 2190 733 2254 censet:
760 2189 875 2266 postea
896 2189 1004 2250 autem
1032 2203 1129 2266 quum
1156 2184 1286 2249 inventa
1314 2181 1380 2248 filia

241 2286 369 2369 filioque
391 2292 520 2368 recepto
542 2306 650 2352 rerum
678 2289 824 2354 ordinem
850 2289 1016 2370 perspexit
1044 2288 1202 2372 simulque
1231 2286 1379 2352 ardorem

240 2392 330 2456 illum
353 2389 394 2456 ab
417 2392 653 2474 Acropolistide
676 2393 839 2458 incensum
865 2392 1050 2458 iamdudum
1072 2391 1236 2458 refrixisse
1257 2391 1381 2466 erudivit

243 2533 281 2542 -
311 2495 345 2560 id
380 2495 463 2576 quod
501 2513 561 2578 per
597 2515 631 2562 se
665 2497 803 2562 maxime
834 2495 1001 2580 probabile
1040 2497 1198 2576 videatur,
1237 2533 1279 2542 -
1317 2495 1380 2560 iam

241 2600 361 2666 nullam
389 2599 487 2666 habet
514 2618 642 2666 causam
665 2600 751 2665 illius
778 2601 903 2667 consilii
925 2620 1022 2684 porro
1050 2601 1196 2683 urgendi,
1219 2601 1288 2666 siue
1309 2598 1380 2665 fidi·

241 2703 345 2770 cinam
367 2704 399 2768 in
422 2702 555 2770 aedibus
578 2723 709 2770 manere
732 2705 799 2770 sive
821 2705 917 2770 militi
940 2704 1086 2788 digresso
1109 2707 1151 2789 (ιι.
1165 2704 1242 2786 499)
1265 2703 1380 2769 adduci

241 2808 352 2874 mavis.
398 2808 510 2873 Altera
531 2808 588 2874 illa
609 2807 796 2892 Laaprebri
818 2809 858 2874 de
881 2809 1099 2876 adulescentis
1121 2808 1246 2876 incuria
1274 2807 1380 2872 baesi-

243 2913 325 2976 tatio
360 2909 509 2978 versibus
543 2911 624 2994 ipsis
648 2917 797 2978 362-63
833 2911 1003 2980 manifesto
1036 2912 1214 2996 repellitur,
1247 2913 1379 2994 quippe·

243 3014 362 3097 qrribus
391 3015 446 3080 ille
480 3015 647 3082 confirmet
684 3017 841 3084 eiusmodi
872 3017 1005 3084 consilio
1040 3035 1075 3084 se
1108 3035 1270 3099 nunquam
1307 3035 1379 3082 sese

244 3118 488 3200 sarbinissurum,
513 3121 588 3186 dum
604 3122 706 3186 amica
728 3139 836 3186 secum
850 3121 990 3187 adducta
1005 3123 1090 3188 inter
1104 3122 1195 3188 vivos
1217 3125 1378 3200 versetur3

242 3223 320 3306 quid
342 3225 443 3306 igitur
464 3225 569 3307 patrie
591 3225 748 3290 rationem
778 3231 836 3290 aaut
857 3227 1038 3292 destinatae
1060 3227 1169 3292 uxoris
1191 3245 1305 3292 nomen
1328 3243 1379 3290 ro-

242 3329 344 3410 gitet?
379 3365 419 3376 ·-
453 3329 502 3394 De
535 3329 760 3411 Stratippoclis
790 3331 911 3412 nuptiis
942 3331 1020 3397 baec
1049 3331 1218 3410 hactenus3
1252 3329 1318 3394 iarn
1340 3328 1379 3394 de

241 3432 422 3514 Peripbane
444 3435 595 3500 nonnulla
622 3440 698 3500 sunt
724 3434 867 3500 dicenda.
913 3435 1009 3502 Initio
1038 3440 1099 3502 act.
1123 3435 1156 3500 ΙΙ
1181 3434 1378 3516 Periphanes

242 3537 486 3620 Apoecidesque
509 3557 602 3604 senes
625 3539 877 3605 sermocinantes
899 3539 1066 3621 prodeunt,
1095 3557 1192 3621 quum
1214 3538 1267 3604 hic
1290 3538 1379 3602 illum

242 3640 400 3722 admonet,
435 3661 475 3708 ne
505 3643 744 3710 matrimonium
767 3662 837 3709 cum
869 3643 979 3726 priore
1009 3643 1120 3724 amica,
1162 3648 1266 3708 matre
1294 3640 1379 3706 filiae

242 3745 328 3810 domi
344 3747 512 3827 versantis,
536 3747 598 3830 ipsi
621 3753 767 3830 optatum
789 3748 912 3831 pudore
933 3753 1079 3829 respuat:
1102 3746 1179 3829 quid
1202 3743 1379 3828 essequod

242 3850 425 3933 pudendum
449 3852 492 3916 sit
518 3871 636 3934 genere
662 3859 771 3920 natam
797 3853 881 3917 bono
908 3869 1080 3933 pauperem
1107 3851 1235 3916 domunl
1263 3849 1380 3914 ducere

241 3957 394 4022 uxorem?
432 3957 604 4035 ,Revereor
618 3956 739 4038 filiurn‘,
762 3959 809 4024 ait
831 3957 894 4034 ille,
918 3975 980 4038 quo
1006 3975 1160 4038 responso
1175 3961 1271 4038 poeta
1294 3974 1379 4022 sum-

242 4081 294 4126 ma
315 4079 386 4126 cum
414 4066 485 4125 arte
507 4061 661 4142 Apoecidi
688 4081 798 4128 ansam
827 4061 952 4127 consilii
980 4060 1037 4126 dut
1063 4061 1172 4126 uxoris
1199 4060 1264 4126 filio
1294 4061 1379 4126 arbi·

242 4164 377 4230 trandac
400 4165 442 4248 (u.
460 4163 533 4247 190)
557 4165 715 4248 simulque
730 4168 815 4234 servi
831 4166 1043 4234 auscultantis
1059 4163 1204 4230 fraudum
1219 4165 1253 4230 in
1268 4165 1378 4230 eadem

242 4287 278 4338 re
305 4269 411 4336 ninam
439 4275 621 4355 praeparat.
665 4270 709 4336 Et
737 4271 765 4338 si
793 4270 951 4338 librorum
977 4272 1133 4338 maculam
1160 4277 1236 4354 post
1262 4291 1290 4336 v.
1319 4277 1377 4338 189
