3216 5106
699 294 739 356 53

151 498 227 564 dum
241 515 310 564 rem
332 496 507 564 abhorrere
522 516 563 564 ne
584 499 692 583 lippus
708 499 837 582 quidem
859 494 999 580 negabit.
1039 497 1104 566 Sed
1126 499 1155 564 si
1175 502 1290 582 poetae

150 600 270 668 licebat
291 603 323 668 in
347 601 473 668 Graeca
495 599 605 668 fabula
627 605 770 671 Romana
796 603 867 670 loca
888 609 1058 683 moresque
1079 601 1213 668 Latinos
1236 603 1289 668 de·

150 707 294 789 pingere,
324 706 352 772 si
373 710 411 771 ut
432 706 577 788 prologis
600 713 790 791 argumenta
813 706 979 789 suppleret
1001 709 1117 787 poetae
1138 707 1290 774 concede-

150 811 248 876 batur
269 811 507 893 choragumque
530 811 759 880 Atheniensem
789 809 963 878 certissimi
985 808 1120 886 Quiritis
1144 827 1292 878 sermone

151 920 296 982 utentem
322 913 544 997 induceret,⁴⁹)
572 917 745 998 quiscum
773 917 931 997 obiurget,
962 913 990 978 si
1018 913 1117 980 semel
1138 913 1292 982 Pelh0nis

151 1019 313 1086 mentione
333 1025 514 1102 spectantes
537 1021 579 1088 ad
600 1021 749 1104 proprias
772 1037 927 1104 personas
948 1022 1047 1100 atque
1068 1022 1215 1098 tempora
1237 1017 1291 1083 de·

153 1124 263 1190 duxit?
308 1123 400 1202 Quod
427 1129 535 1191 autem
564 1125 663 1190 semel
689 1126 750 1190 hoc
784 1125 869 1206 iecit,
903 1127 941 1188 ut
967 1121 1126 1188 scenicum
1152 1125 1291 1204 notaret,

152 1227 186 1292 id
215 1227 321 1308 ipsum
350 1228 492 1294 malitiae
522 1227 731 1312 opprobrium
763 1229 843 1296 satis
873 1226 1023 1294 infirmat.
1077 1223 1161 1290 Nam
1193 1242 1291 1306 quum

153 1333 274 1415 optimo
308 1332 379 1397 iure
408 1351 516 1398 coram
543 1332 766 1415 spectantibus
796 1339 938 1398 actorem
967 1330 1170 1412 vituperasse
1198 1327 1291 1394 nobis
1422 1329 1423 1332 ’

152 1435 301 1502 uideatur
313 1441 346 1500 et
357 1437 455 1502 semel
467 1441 602 1516 tantum,
619 1437 705 1518 quod
715 1455 775 1504 nos
787 1436 915 1519 quidem
928 1435 1076 1514 sciamus,
1092 1433 1153 1498 hoc
1166 1431 1289 1510 fecerit,

153 1545 324 1622 utrumque
350 1558 423 1606 eum
444 1540 517 1622 pari
538 1540 632 1606 modo
660 1541 810 1606 calluisse
838 1540 1003 1619 sentimus,
1033 1545 1066 1602 et
1093 1536 1291 1602 scenicorum

152 1644 241 1708 vitiis
263 1644 430 1726 indulgere
453 1648 486 1708 et
505 1644 631 1726 proprii
646 1645 754 1726 operis
771 1645 969 1726 dignitatem,
994 1661 1091 1724 quum
1112 1659 1165 1708 res
1180 1645 1291 1722 postu-

151 1746 250 1830 labat,
282 1766 420 1814 servare.
471 1747 515 1812 Et
544 1748 604 1813 hoc
635 1749 845 1831 ambiguitate
867 1747 954 1813 vocis
982 1747 1093 1828 ,actor‘
1119 1763 1197 1810 usus
1224 1749 1290 1810 tam

153 1851 317 1932 eleganter
347 1855 380 1916 et
409 1849 513 1918 facete
535 1850 612 1917 iecit
634 1889 677 1898 -
700 1853 785 1934 quod
814 1871 854 1917 ne
883 1850 1024 1916 Weisa'as
1046 1849 1175 1932 quidem
1194 1853 1292 1931 negat

152 1973 255 2036 neque
276 1955 443 2037 quisquam
473 1956 543 2021 iure
566 1960 708 2038 negaret,
739 1956 866 2021 etiamsi
896 1955 938 2020 ad
959 1953 1153 2021 tralaticiam
1180 1953 1291 2020 lectio-

152 2078 225 2126 nam
244 2059 342 2124 aena
363 2079 422 2142 pro
445 2081 496 2124 res
512 2059 705 2144 [Bitscbelo]
724 2065 970 2138 reverteremur,
991 2095 1028 2106 -
1046 2063 1084 2124 ut
1096 2056 1293 2122 Weia'oram

152 2161 297 2246 profecto
328 2163 453 2230 iudiciis
483 2183 563 2246 opus
596 2169 692 2244 esset,
723 2183 804 2246 quae
835 2162 898 2228 sibi
926 2161 1160 2244 persuaderent
1182 2179 1291 2227 omnes

152 2268 278 2350 priores
294 2269 529 2350 grammaticos,
554 2287 663 2334 omnes
678 2269 860 2351 promiscue
874 2267 1019 2333 homines
1037 2266 1185 2332 literatos
1201 2265 1291 2332 stoli-

154 2373 261 2438 diores
293 2371 403 2451 fuisse,
437 2391 533 2454 quam
561 2373 615 2454 qui
648 2373 749 2454 inepti
771 2377 888 2454 poetae
910 2370 1115 2436 sedulitatem
1136 2369 1292 2434 insulsam

153 2475 427 2560 perspicerentn)
1101 2479 1102 2482 ’

239 2582 319 2647 Post
341 2582 422 2647 hanc
445 2582 678 2664 digressionem
700 2599 764 2646 non
787 2583 980 2662 exoptatam,
1009 2579 1043 2642 in
1066 2595 1161 2660 quam
1183 2575 1226 2640 K.
1244 2577 1289 2642 H.

161 2685 261 2750 Weisa'
281 2684 390 2751 libello
414 2685 541 2769 abrepti
553 2743 555 2748 .
565 2705 684 2766 sumus,
707 2686 783 2750 illuc
798 2685 967 2750 redeamus
982 2683 1063 2747 nihil
1079 2700 1194 2747 causae
1209 2700 1291 2764 esse,

155 2809 212 2856 cur
233 2808 362 2855 versum
384 2791 474 2855 illum
497 2791 690 2856 Bacchidum
719 2808 778 2872 pro
803 2788 913 2870 spurio
936 2785 1125 2865 habeamus;
1156 2785 1241 2867 quod
1265 2787 1293 2851 si

155 2917 226 2964 cum
240 2893 430 2975 Bitschelo'o,
453 2894 495 2958 R.
514 2893 669 2975 Malieon,
692 2891 883 2974 Ladewa'pa'o
906 2891 1087 2970 statuimus,
1110 2889 1145 2954 id
1167 2907 1292 2971 quoque

155 3002 256 3084 liquet
267 2999 444 3065 Bacchides
461 3017 532 3064 cum
543 2999 677 3081 Epidico
694 2997 856 3062 artissime
873 3013 943 3060 esse
959 2995 1161 3059 coniunctam
1175 2993 1292 3058 eidem-

155 3125 217 3188 que
239 3110 355 3187 poetae
376 3108 546 3186 utramque
569 3101 688 3167 deberi.
724 3100 824 3182 Atqui
846 3117 910 3164 non
933 3099 1037 3164 solum
1058 3103 1239 3179 temporum
1261 3101 1294 3161 et

155 3228 263 3275 rerum
286 3213 406 3273 statum
427 3207 461 3270 in
483 3205 695 3271 Bacchidibus
724 3205 765 3270 ad
786 3203 893 3269 Plauti
921 3222 1035 3268 aevum
1057 3207 1204 3284 spectare
1228 3201 1293 3265 iam

155 3313 355 3377 Bitschelc'cs
377 3330 503 3394 parerg.
522 3311 583 3376 Vll
605 3311 656 3393 ,de
678 3310 724 3375 Pl.
745 3309 871 3375 Bacch‘
894 3327 966 3390 pag.
985 3312 1045 3374 391
1071 3308 1294 3372 demonstrare

156 3416 339 3481 felicissime
354 3415 504 3495 instituit,
521 3415 579 3480 sed
594 3415 691 3480 etiam
705 3414 858 3479 Pellionis
875 3411 1182 3490 commemoratione,
1199 3427 1293 3491 quem

156 3520 263 3584 Plauti
293 3524 436 3584 actorem
474 3537 608 3601 eumque
636 3519 754 3584 malum
790 3517 891 3584 fuisse
922 3521 1048 3583 constat
1087 3514 1138 3598 (ci.
1164 3513 1290 3577 Bitscb.

156 3625 176 3688 l.
194 3642 218 3688 s.
235 3643 259 3688 s.
275 3643 305 3706 p.
325 3628 386 3688 262
403 3623 495 3706 sqq.),
526 3628 656 3705 poetam
678 3623 769 3687 illum
783 3622 959 3687 Bacchides
981 3619 1111 3685 finxisse
1134 3619 1214 3684 satis
1245 3617 1293 3682 di-

156 3727 328 3814 scimnsll)
372 3727 459 3810 Ergo
482 3729 635 3810 Epidicus
657 3728 773 3793 Plauto
797 3727 940 3792 debetur.

243 3835 389 3918 Denique
411 3835 472 3900 hoc
488 3853 586 3898 unum
608 3833 769 3898 mentione
785 3831 918 3913 dignum
940 3835 999 3896 est.
1032 3829 1103 3894 Non
1118 3827 1294 3894 Bacchides

157 3944 281 4004 lantum
299 3941 356 4006 sed
371 3940 540 4023 Epidicum
555 3957 681 4022 quoque
695 3943 770 4021 post
786 3957 902 4004 annum
915 3936 1002 4001 DLX
1016 3955 1044 4001 a.
1061 3955 1090 4001 u.
1107 3935 1247 4019 primum
1261 3935 1294 4000 in

158 4064 285 4110 scenam
299 4045 459 4128 prodiisse
475 4043 515 4108 de
530 4043 587 4108 illa
597 4043 798 4107 Bitschcb'aa
813 4043 978 4126 praeclare
991 4025 1133 4107 ostendit
1148 4040 1292 4124 (Parerg.

157 4171 188 4232 p.
207 4155 267 4214 391
287 4147 380 4229 sqq.),
417 4148 457 4212 de
491 4148 550 4213 hac
581 4148 717 4213 aliorum
750 4147 926 4212 sententias
960 4146 1042 4210 inita
1075 4142 1295 4226 subductaque

156 4254 281 4320 ratione
297 4251 514 4320 examinantes
538 4252 589 4338 (ci.
608 4271 777 4319 excursum
791 4271 863 4336 pag.
879 4249 933 4334 55)
957 4249 1050 4316 nobis
1065 4248 1292 4334 persuasimus.
