3216 5106
736 293 776 353 57

188 511 260 560 esse
283 496 420 575 censeat,
443 493 627 559 meminerit
648 496 729 578 legis
752 497 875 580 Oppiae
902 495 1060 560 luxuriem
1081 493 1251 561 mulierum
1274 513 1326 561 co·

187 595 338 676 bibentis
363 617 445 680 quae
461 597 582 663 Catone
605 617 669 665 cos.
687 619 714 666 a.
740 601 839 666 CLIX
861 617 924 664 non
947 599 1016 665 sine
1029 618 1145 681 magno
1161 600 1325 666 stomacho

187 701 290 784 ipsius
310 701 450 790 consulis
465 701 715 770 contradicentis
738 703 894 787 abrogata
917 704 969 786 sit,
993 702 1030 769 ci.
1054 703 1122 769 Liv.
1147 703 1323 785 XXXIV‚1

189 825 268 888 sqq,
292 825 354 888 quo
378 825 449 872 cum
471 807 541 872 loco
564 807 592 872 si
607 807 734 890 Epidici
756 829 784 875 v.
803 815 864 874 229
882 827 950 892 sqq.
976 807 1185 888 conferamus,
1210 807 1326 890 quibus

190 911 292 976 multa
314 913 467 994 variaque
489 912 658 978 mulierum
681 915 874 980 vestimenta
904 917 1012 978 certae
1034 913 1168 995 originis
1190 911 1325 978 Latinae

189 1021 410 1099 numerentur,
433 1015 504 1082 fieri
526 1036 589 1082 non
611 1037 716 1101 posse,
744 1017 937 1102 quidnobis
958 1017 1209 1099 persuadeamus
1231 1017 1326 1081 Plau-

188 1121 258 1182 tum
269 1117 438 1200 Epidicum
460 1121 550 1186 brevi
565 1126 641 1204 post
653 1121 783 1188 Catonis
805 1123 968 1204 repulsam
991 1120 1148 1187 docuisse.
1181 1121 1326 1186 Tertium

189 1227 297 1288 autern
318 1222 444 1306 profert
465 1224 637 1289 Naeuam
659 1228 759 1292 vestis
782 1225 948 1292 cuiusdam
976 1243 1077 1290 novae
1100 1242 1328 1304 commemora<

187 1327 318 1409 tionem,
354 1328 565 1407 ,Laconicum‘
588 1331 777 1413 appellatae,
812 1349 894 1414 quae
921 1329 990 1395 sine
1021 1327 1118 1394 dubio
1150 1329 1326 1394 eElamini

188 1432 333 1497 victoriis
367 1431 567 1516 Nabidisque
601 1435 690 1501 clade
730 1437 886 1518 originem
925 1434 1071 1498 traxerit.
1105 1469 1147 1478 -
1181 1433 1326 1515 Denique

188 1535 402 1619 Ludcwipa'as
424 1537 570 1601 Noctua·
592 1540 795 1621 scriptorum,
822 1557 904 1622 quae
927 1557 966 1604 ne
992 1557 1054 1602 uno
1078 1535 1207 1619 quidem
1229 1537 1326 1602 verbo

188 1643 303 1725 tangit,
334 1639 504 1707 manifesto
536 1661 651 1725 expers
688 1645 810 1709 eisdem
839 1641 907 1709 fere
944 1641 1022 1708 locis
1053 1641 1180 1706 innixus
1209 1639 1327 1705 similia

152 1820 154 1825 ,
189 1751 385 1811 commentus
408 1750 467 1810 est.
513 1747 556 1811 Et
587 1748 655 1830 ipse
687 1748 772 1813 enim
802 1748 835 1811 in
858 1745 1088 1812 dissertatione
1118 1744 1323 1828 (Zimmerm.

189 1850 269 1915 diar.
300 1850 397 1932 antiq.
431 1850 514 1915 stud.
547 1870 567 1916 a
596 1856 676 1917 1841
712 1871 742 1934 p.
771 1856 850 1916 1079
875 1849 957 1934 sqq.)
997 1846 1146 1914 versibus
1177 1853 1326 1914 229-34

188 1955 358 2020 maximam
383 1955 447 2020 vim
472 1957 618 2022 tribuens
633 1956 845 2038 Laconicique
869 1955 970 2020 vestis
997 1954 1154 2034 originem
1176 1957 1212 2017 ut
1227 1951 1323 2015 Nao-

189 2058 281 2141 delus
308 2058 349 2123 ad
376 2059 479 2126 Nabin
511 2060 654 2127 referens
684 2065 813 2142 poetam
840 2077 903 2125 non
932 2057 1034 2124 multo
1064 2062 1141 2140 post
1170 2075 1199 2122 a.
1223 2057 1327 2121 DLIX

189 2162 358 2244 Epidicum
381 2165 561 2231 condidisse
594 2163 655 2230 sibi
678 2165 751 2230 ideo
773 2163 956 2247 persuadet,
988 2162 1063 2243 quia
1085 2159 1232 2226 versibus
1261 2161 1326 2226 illis

190 2267 319 2332 Catonis
342 2286 455 2334 severa
477 2271 560 2335 ratio
575 2269 748 2352 illudatur,
772 2269 857 2352 quod
879 2285 942 2332 non
964 2266 1027 2331 nisi
1049 2265 1144 2347 paulo
1167 2271 1242 2347 post
1257 2264 1326 2330 eius

190 2372 390 2438 consulatum
412 2374 611 2461 commodum
632 2373 739 2438 fuerit.

276 2476 336 2541 His
359 2477 459 2558 igilur
481 2466 738 2560 argumentis-
754 2476 969 2543 recentiorum
991 2493 1083 2540 nemo
1100 2473 1220 2538 certius
1235 2473 1327 2556 quid-

190 2599 284 2662 quam
319 2582 445 2662 statuit,
488 2581 688 2666 Vr'sserbrpio
723 2582 807 2648 enim
843 2578 1059 2662 Uasiapioque
1091 2578 1234 2659 exceptis
1273 2577 1324 2660 (ci.

190 2705 262 2768 pag.
277 2686 330 2768 56)
348 2691 404 2750 aut
418 2691 527 2752 tacent
541 2685 833 2768 autLarlewe'qo'om
848 2688 1026 2765 sequuntur
1041 2680 1325 2762 velutTeuffala'us,

190 2791 299 2871 quiin
323 2790 467 2870 ,Studien
489 2791 555 2856 und
578 2789 887 2855 Charalrteristilren‘
917 2807 948 2870 p.
967 2791 1028 2851 262
1052 2785 1219 2868 Epidicum
1243 2785 1327 2850 circa

190 2912 218 2958 a.
243 2893 329 2958 DLX
359 2895 486 2960 doctam
516 2914 588 2961 esse
621 2895 795 2960 monstrari
820 2913 917 2977 posse
946 2891 1084 2972 exhibet,
1121 2909 1257 2973 quocum
1287 2889 1325 2955 cl.

190 2997 333 3064 eiusdem
360 2999 515 3066 historiae
542 3001 663 3065 literar.
692 2999 797 3063 Latin.
828 2997 876 3062 ed.
900 2997 945 3062 IV
973 2996 1085 3079 (1881)
1112 3014 1143 3076 p.
1166 3001 1233 3059 149.
1280 2994 1328 3059 De

196 3102 350 3186 Wuqncrn'
376 3105 524 3187 opinione
552 3102 589 3170 cf.
614 3123 643 3185 q.
661 3121 686 3168 s,
712 3139 752 3150 —
780 3101 820 3164 t'rt
847 3099 979 3164 Catonis
1004 3119 1123 3163 aarum
1150 3098 1328 3162 1121111111

189 3207 398 3290 revolvimur,
423 3209 491 3273 sive
513 3207 647 3274 iacimus
670 3225 743 3272 curn
766 3204 925 3284 Nuodeto,
956 3203 1010 3284 qui
1034 3207 1236 3282 sectatorem,
1261 3203 1328 3268 sive

191 3329 261 3375 cum
284 3311 484 3397 Ladewc'pio,
515 3314 568 3395 qui
597 3312 762 3376 irrisorem
786 3307 917 3374 Catonis
945 3313 1073 3389 poetam
1100 3307 1164 3372 illis
1191 3306 1270 3370 locis
1293 3325 1328 3371 se
1443 3387 1451 3404 1

189 3413 369 3494 professum
398 3417 570 3498 contendit,
600 3417 668 3481 sive
690 3415 828 3497 denique
856 3413 906 3478 vel
929 3412 962 3476 in
984 3429 1020 3477 re
1044 3411 1194 3476 universa
1222 3410 1273 3476 vel
1295 3409 1328 3474 in

190 3516 325 3597 singulis
356 3518 503 3584 versibus
536 3519 745 3602 explanandis
776 3519 969 3583 alterutrum
1004 3533 1076 3582 cum
1106 3515 1179 3580 aliis
1210 3515 1328 3580 similia

190 3621 407 3686 divinantibus
436 3623 613 3688 somniasse
640 3623 776 3688 dicimus
811 3620 863 3705 (ci.
898 3619 1007 3684 (loeta.
1039 3619 1072 3684 in
1102 3619 1192 3684 Anal.
1221 3619 1326 3684 Plaut.

188 3743 218 3808 p.
241 3729 429 3791 1141111101.
451 3732 499 3805 14,
530 3725 678 3810 Wopuer.
697 3726 736 3792 de
752 3725 858 3791 Aulul.
880 3743 911 3807 p.
932 3729 969 3789 16
993 3728 1101 3789 annot.
1119 3729 1159 3789 33
1173 3728 1247 3805 etp.
1262 3723 1326 3804 34).

188 3832 288 3912 quue
310 3830 528 3896 meritissimo.
574 3831 664 3896 Licet
692 3830 774 3895 enim
797 3847 826 3892 r.
845 3833 906 3893 229
924 3845 991 3910 sqq.
1021 3827 1233 3909 interpolatos
1256 3845 1328 3892 esse

188 3935 355 4019 fingamus,
370 3935 442 4000 ium
456 3933 718 3999 antecedentibus
732 3932 905 3998 1111111111
918 3934 994 3996 222
1007 3931 1241 4016 imprimisque
1254 3934 1329 3995 226

187 4041 307 4106 nemini
322 4041 425 4106 adhuc
441 4040 600 4121 suspectis
616 4039 722 4121 palam
737 4037 775 4103 fit
797 4039 968 4103 mulierum
988 4037 1135 4102 luxuriae
1157 4041 1225 4101 tum
1241 4035 1329 4100 nulla

189 4147 260 4228 lege
285 4151 414 4211 cautum
436 4145 545 4210 fuisse.
571 4181 609 4191 —-
634 4143 733 4225 Atqui
755 4142 865 4207 multis
888 4141 961 4206 aliis
976 4139 1074 4206 rebus
1097 4159 1161 4204 non
1175 4141 1328 4218 minus⁶³)

190 4269 285 4334 quam
309 4250 470 4314 Ra'lsobolu'
492 4249 653 4316 sententia
680 4247 732 4332 (ci.
758 4250 866 4312 annot.
891 4244 945 4326 52)
969 4243 1167 4322 adducimur,
1197 4249 1234 4310 ut
1255 4263 1328 4326 pro-
