3216 5106
794 285 831 345 ll

194 520 195 524 ¹
235 493 361 562 cedenti
384 491 562 558 sententiae
585 483 844 574 adsutum,'tnnc
859 509 895 556 re
918 488 1052 554 metrica
1067 487 1213 554 adhibita
1236 488 1374 570 sennoni

236 599 339 665 artius
368 599 526 663 intextum
556 614 714 662 essenon
744 593 957 680 improbabile
980 595 1033 659 sit.
1064 593 1263 657 Reinborrlti
1285 601 1373 662 certo

241 702 421 786 Gootac'qne
443 701 483 767 de
505 700 697 767 removendo
720 719 816 765 versu
839 697 936 764 dubia
958 697 1010 784 (ci.
1036 699 1105 764 Aet.
1130 715 1194 763 soc.
1218 699 1305 782 Lips.
1329 701 1375 767 VI

235 827 266 890 p.
285 806 360 889 285)
384 823 464 884 eam,
488 823 582 886 quarn
597 823 656 868 nos
671 805 801 869 iniimus
816 804 983 883 rationem,
1000 803 1133 868 turbare
1149 821 1212 868 non
1228 811 1372 886 possunt.

234 910 398 994 imprimis
426 909 511 991 quod
538 907 763 972 Reinburdtua
793 913 902 974 censet
931 908 978 972 ita
1008 925 1280 989 supervacaneum
1304 928 1374 976 esse

235 1015 403 1098 Epidicum
435 1015 582 1078 lenonem
611 1012 784 1095 quidquam
814 1012 938 1092 docere,
974 1011 1058 1094 quod
1092 1011 1148 1076 ille
1181 1012 1278 1078 etiam
1311 1032 1373 1078 non

236 1120 368 1186 edoctus
390 1118 559 1202 pecuniam
582 1136 617 1182 se
640 1117 802 1198 accepisse
819 1116 973 1199 Apoecidi
996 1115 1164 1198 quaerenti
1186 1119 1374 1200 pronuntia-

235 1229 329 1290 turus
353 1223 406 1301 sit,
430 1221 623 1288 monendum
647 1226 697 1287 est
719 1221 781 1286 iam
805 1221 928 1303 aliquot
951 1219 1020 1286 dies
1043 1221 1259 1303 exemptione
1281 1241 1375 1305 prae-

236 1329 375 1409 teriisse,
399 1345 499 1409 quare
521 1325 670 1391 facillime
694 1325 763 1390 fieri
786 1331 925 1408 poterat,
948 1329 985 1390 nt
1006 1313 1078 1390 leno
1100 1329 1196 1390 antea
1211 1345 1274 1391 non
1290 1345 1374 1393 com-

236 1431 435 1499 monefactus
459 1434 492 1496 et
514 1429 620 1495 subito
644 1450 662 1495 a
685 1449 761 1496 senc
784 1431 824 1496 de
843 1430 950 1512 puella
964 1435 1098 1511 rogatus
1113 1449 1209 1512 quum
1224 1432 1373 1512 nesciret,

236 1538 276 1604 de
299 1555 362 1620 qua
384 1535 545 1617 emptione
568 1539 728 1616 ageretur,
752 1539 879 1616 tempus
903 1553 941 1600 ex
964 1553 1001 1599 ea
1024 1541 1189 1616 peractum
1212 1537 1373 1618 proderet.

242 1643 314 1708 Non
336 1641 479 1723 ineptum
503 1639 603 1721 igitur
625 1639 703 1704 iacit
724 1639 887 1722 Epidicus
911 1658 1006 1721 quum
1030 1639 1136 1704 lenoni
1162 1642 1290 1706 nuntiat
1312 1641 1376 1708 ior·

235 1751 324 1811 tasse
346 1764 419 1810 mox
441 1743 578 1825 aliquem
602 1763 674 1808 enm
698 1744 737 1809 de
759 1744 866 1826 puella
880 1743 1074 1809 venumdata
1095 1745 1374 1828 interpellaturum

238 1869 323 1917 esse:
355 1853 489 1914 eventus
521 1849 606 1912 enim
629 1849 703 1930 doli,
735 1869 796 1931 quo
821 1849 998 1931 Apoecides
1029 1853 1062 1912 et
1083 1849 1154 1913 leno
1178 1855 1214 1914 nt
1243 1851 1283 1916 de
1304 1871 1375 1916 ‘ulan

235 1953 342 2038 puella
364 1957 397 2019 et
420 1953 581 2034 emptione
598 1971 698 2034 usque
719 1955 863 2035 cogitent
879 1951 1058 2035 decipiendi
1074 1957 1157 2032 sunt,
1182 1954 1374 2038 intempore

235 2060 300 2124 iam
330 2063 518 2140 consumpto
550 2057 680 2122 celando
712 2057 839 2140 penitus
862 2056 987 2140 positus
1019 2060 1077 2134 cst,
1111 2055 1150 2120 de
1181 2057 1275 2123 minis
1298 2077 1373 2124 vero

235 2163 314 2228 nihil
330 2161 512 2228 cavendum.
548 2162 595 2226 Re
610 2179 687 2226 vera
702 2161 825 2229 scilicet
839 2161 910 2226 leno
927 2166 1041 2244 postea
1056 2179 1119 2226 non
1134 2161 1372 2245 interpellatur:

236 2267 294 2332 sed
316 2285 378 2348 qno
408 2265 503 2332 modo
533 2285 645 2332 servus
675 2266 735 2331 hoc
765 2265 970 2348 praesagiat?
1014 2265 1132 2331 Videat
1154 2266 1257 2346 modo,
1293 2286 1374 2349 quae

236 2369 298 2437 sibi
311 2371 561 2454 praemunienda
573 2371 647 2450 sint,
665 2371 849 2452 ceteroquin
865 2361 1013 2436 ¹fortunae
1028 2389 1086 2436 sua
1098 2369 1166 2436 iata
1184 2372 1374 2437 committat:

236 2475 361 2541 exiliis
391 2475 476 2540 anim
507 2479 690 2558 spectantes
722 2475 912 2558 sapientiam
942 2474 1012 2540 eius
1035 2474 1184 2556 pendant,
1216 2475 1249 2539 in
1271 2475 1322 2540 his
1346 2477 1374 2542 si

235 2586 350 2664 poetae
375 2584 480 2646 certas
510 2598 637 2645 normas
665 2579 930 2662 praescriberent,
969 2576 1070 2661 iniqui
1093 2585 1210 2644 essent.
1257 2579 1373 2657 Quern-

235 2703 329 2766 quam
351 2685 411 2750 hoc
433 2685 539 2768 ipsum
554 2684 749 2749 recentiores
772 2682 886 2748 fecisse
901 2683 1036 2762 invenio,
1061 2701 1158 2764 quum
1173 2682 1374 2749 offenderunt

234 2787 380 2853 lenonem
402 2794 516 2872 postea
538 2789 601 2852 iam
623 2807 686 2852 non
710 2788 951 2852 commemorari
975 2786 1026 2870 (ci.
1051 2787 1304 2870 Reinbordtum,
1328 2787 1370 2852 R.

234 2891 429 2974 Maillermrn,
472 2891 653 2973 Goetadune,
684 2891 930 2974 Lanprebrium
956 2891 976 2956 l.
1001 2910 1026 2956 a.
1051 2910 1075 2956 s,
1109 2892 1373 2957 retractationem

234 2995 308 3060 inde
324 2995 498 3078 cogentes).
534 2997 617 3060 Prae
639 2995 755 3061 ceteris
770 2994 1014 3058 Reinlaardtznn
1029 2995 1193 3074 miramur,
1218 2997 1271 3077 qui
1288 2996 1372 3077 qnod

234 3099 267 3163 in
284 3098 482 3178 Curculione,
506 3100 676 3178 Pseudulo,
700 3099 851 3180 Poenulo,
874 3099 984 3178 Persa,
1009 3100 1156 3164 Rudente
1171 3100 1302 3166 lenones
1319 3101 1373 3166 dc-

235 3203 403 3286 cipiantnr‚
426 3205 460 3268 in
474 3203 607 3288 Epidico
631 3204 734 3269 simile
757 3203 879 3285 aliquid
895 3203 1067 3282 desiderat,
1092 3222 1280 3285 quamquam
1304 3205 1373 3288 ipse

234 3308 338 3372 locum
361 3308 408 3372 ita
423 3309 666 3392 interpretatur,
691 3308 825 3389 utquid
849 3307 889 3372 de
912 3307 1026 3372 lenone
1041 3305 1098 3371 fiat
1120 3307 1160 3372 ab
1184 3316 1373 3389 argumento

234 3411 361 3478 fabulae
392 3430 525 3496 prorsus
555 3413 693 3478 alienum
724 3412 776 3476 sit.
821 3411 933 3493 Neque
964 3411 1067 3494 magis
1096 3411 1251 3474 Goelnius
1281 3413 1373 3477 nobis

234 3516 399 3598 probatur,
424 3516 478 3598 qui
493 3517 650 3599 imprimis
669 3520 850 3598 postremos
872 3533 988 3580 versus
1004 3514 1207 3580 obscuriores
1231 3522 1264 3582 et
1280 3517 1374 3582 stric·
1463 3507 1466 3515 ’

234 3620 334 3685 tiores
358 3639 452 3702 quarn
484 3639 543 3704 pro
570 3621 676 3685 Plauti
708 3621 782 3686 stilo
813 3620 916 3685 videri
947 3620 1055 3685 dicens
1086 3639 1145 3686 nos
1175 3619 1306 3700 inducit,
1337 3626 1374 3685 nt

234 3724 406 3790 remacula
427 3725 537 3807 lingua
558 3729 661 3790 totum
684 3725 787 3790 locum
811 3723 1026 3808 proferamus:

571 3828 645 3913 Ἐγ.
672 3829 791 3895 Diesen
814 3830 942 3894 Streich
964 3849 1029 3895 nun
1052 3829 1125 3894 lrab'
1150 3829 1283 3895 erdacbt
1305 3829 1371 3895 ich:

234 3933 401 4000 Besuchen
417 3932 480 3997 will
496 3933 547 3998 ich
562 3933 658 3998 allein
675 3933 736 3998 den
749 3933 835 3998 Wirt
850 3951 889 3998 zu
901 3933 1001 4012 Hane,
1019 3933 1083 3997 ihm
1092 3933 1248 4015 Weisung
1260 3930 1372 4016 geben,

234 4039 280 4104 Er
302 4044 404 4118 mbge,
428 4055 519 4102 wenn
542 4057 614 4102 man
637 4057 677 4102 zu
692 4037 756 4102 ihm
779 4037 911 4118 kbmmt,
935 4037 986 4102 die
1002 4037 1146 4119 Zablung
1168 4037 1372 4119 rugestehen,

235 4141 395 4226 [Dreissig
425 4142 534 4208 blinen
567 4142 649 4208 habe
684 4162 719 4208 ar
753 4142 947 4208 einlrnssiert
968 4141 1021 4206 fiir
1044 4142 1096 4208 die
1118 4140 1293 4208 Harinerin
1325 4140 1373 4206 als

1062 4245 1263 4330 Kanfpreisl:
