3216 5106
849 282 889 342 78

765 368 973 376 -—-·—--.-—-

302 489 464 542 cohaereat:
483 503 546 540 nam
566 487 623 540 tole
642 484 746 554 aliquid
766 483 838 539 omni
856 489 979 553 tempore
998 483 1234 554 acciderepotuit.
1260 483 1452 538 Ceterisvero

301 572 472 644 argumentis
491 572 624 642 respectis
654 589 708 626 non
735 571 914 640 improbabile
939 578 983 627 est
1000 573 1067 642 ipsis
1086 573 1141 626 illis
1170 572 1247 626 anuis
1269 571 1395 626 Catonis
1412 586 1452 624 re-

300 661 407 730 pulsam
425 659 633 727 insequentibus
653 659 784 714 eiusmodi
802 675 846 713 res
862 660 981 714 famosas
1000 660 1135 714 effrenata
1159 659 1312 714 mulierum
1337 656 1453 712 licentia

302 746 451 802 crebriores
481 761 540 800 esse
568 746 690 816 coepisse
717 747 833 815 ideoque
861 746 1000 801 acomioo
1024 746 1124 813 notari,
1151 746 1224 800 unde
1242 745 1366 815 Epidici
1385 743 1455 797 diem

301 835 425 889 natalem
444 835 640 901 quodammodo
665 833 789 888 conicere
807 833 903 904 liceat3
935 851 994 888 cum
1012 833 1158 888 Aulularia
1177 838 1281 900 autem,
1315 831 1455 900 siquidem

306 921 458 990 Wapucrao
475 925 550 974 recte
566 936 626 974 eam
644 920 678 974 ed
689 919 814 974 ultimam
824 920 919 974 Plauti
937 925 1108 975 senectutem
1117 919 1231 974 rettulit
1249 920 1279 987 (l.
1294 935 1318 972 a.
1330 935 1354 972 s.
1376 935 1403 987 p.
1413 916 1454 985 24,

304 1007 346 1061 etl.
365 1006 458 1060 Aulul.
476 1024 502 1076 p.
522 1005 573 1061 129
592 1007 627 1060 ad
645 1023 671 1061 v.
689 1006 760 1076 471),
779 1006 911 1076 Epidicus
931 1005 1057 1061 connecti
1074 1007 1150 1061 nullo
1162 1007 1247 1060 'modo
1265 1010 1382 1074 potest.

372 1163 416 1230 55)
435 1162 534 1218 Pseud.
544 1163 577 1230 V,
588 1162 613 1230 2,
623 1161 670 1216 32:
737 1163 839 1218 Verum
857 1163 881 1218 si
899 1163 982 1218 voltis
1000 1163 1169 1232 applaudere
1188 1165 1272 1230 atque
1293 1160 1455 1230 approbare

452 1328 456 1336 Ι
509 1250 590 1303 Hunc
609 1264 723 1318 gregem
742 1253 772 1303 et
789 1249 920 1318 fabulam,
938 1250 970 1302 iu
988 1251 1138 1304 antinum
1155 1265 1204 1304 vos
1222 1265 1301 1303 voco.

673 2331 676 2337 ·
733 2294 1013 2364 Corrigenda.

376 2452 447 2505 Dum
466 2451 578 2507 ultimus
597 2453 725 2522 plagulas
746 2453 860 2523 corrigo,
881 2456 985 2511 duobus
1010 2455 1077 2510 locis
1096 2455 1216 2508 iuvenem
1241 2470 1300 2509 esse
1326 2454 1449 2524 positum

307 2553 354 2606 pro
374 2537 540 2593 odtctceceute
558 2538 712 2616 comoediae
733 2539 767 2606 (v.
788 2542 881 2610 peg.5
899 2543 917 2597 l.
929 2543 953 2612 7,
973 2543 1065 2612 pag.6
1084 2540 1156 2608 l.21)
1180 2556 1231 2594 neo
1249 2557 1303 2596 nou
1323 2542 1449 2596 diuinare
1527 2551 1530 2559 '

307 2641 401 2678 vocem
420 2630 452 2678 ut
469 2626 582 2680 verbum
600 2626 737 2694 deponens
756 2627 866 2695 saepius
885 2629 955 2684 falso
975 2628 1103 2698 usurpari
1123 2627 1242 2697 (pag.23
1260 2628 1278 2681 l.
1290 2629 1316 2697 3,
1336 2645 1405 2697 pag.
1415 2623 1447 2679 31

307 2711 325 2765 l.
345 2710 386 2779 11,
406 2728 470 2782 pag.
490 2711 522 2765 41
541 2713 560 2766 l.
579 2711 614 2779 3‚'
628 2729 693 2781 pag.
713 2714 747 2767 46
766 2714 784 2767 l.
803 2715 845 2783 21,
870 2733 934 2786 pag.
946 2717 980 2772 47
998 2717 1016 2770 l.
1028 2716 1070 2782 17)
1091 2732 1152 2769 oum
1170 2715 1308 2768 stomacho
1329 2712 1447 2784 quodam

307 2797 394 2852 serius
413 2799 608 2854 animadverti:
628 2799 726 2867 quibus
745 2801 850 2856 mendis
869 2803 983 2873 benigni
1003 2801 1188 2858 aestimatoria
1212 2817 1309 2871 precor
1328 2801 1446 2858 veniam.

307 2886 458 2939 Praeterea
476 2902 540 2954 pag.
559 2884 591 2938 51
610 2886 628 2939 l.
646 2885 662 2940 2
681 2902 729 2954 pro
748 2895 953 2944 obtrectatorem
971 2891 1035 2959 lege
1054 2895 1264 2944 retractatorcm.

772 3166 978 3174 -—.....-—-—
