<?xml version="1.0" encoding="UTF-8"?>
<!DOCTYPE html PUBLIC "-//W3C//DTD XHTML 1.0 Transitional//EN"
    "http://www.w3.org/TR/xhtml1/DTD/xhtml1-transitional.dtd">
<html xmlns="http://www.w3.org/1999/xhtml" xml:lang="en" lang="en">
 <head>
  <title>
</title>
<meta http-equiv="Content-Type" content="text/html;charset=utf-8" />
  <meta name='ocr-system' content='tesseract 3.04.00' />
  <meta name='ocr-capabilities' content='ocr_page ocr_carea ocr_par ocr_line ocrx_word'/>
</head>
<body>
  <div class='ocr_page' id='page_1' title='image "./observationesin01schrgoog_0050.png"; bbox 0 0 3216 5106; ppageno 0'>
   <div class='ocr_carea' id='block_1_1' title="bbox 191 283 1334 1305">
    <p class='ocr_par' dir='ltr' id='par_1_1' title="bbox 191 283 1334 1305">
     <span class='ocr_line' id='line_1_1' title="bbox 658 283 865 380; baseline -0.005 0"><span class='ocrx_word' id='word_1_1' title='bbox 658 283 865 380; x_wconf 58' lang='lat' dir='ltr'>„n-</span> 
     </span>
     <span class='ocr_line' id='line_1_2' title="bbox 191 491 1331 576; baseline 0.002 -20"><span class='ocrx_word' id='word_1_2' title='bbox 191 503 305 556; x_wconf 88' lang='lat' dir='ltr'>servus</span> <span class='ocrx_word' id='word_1_3' title='bbox 328 509 441 556; x_wconf 85' lang='lat' dir='ltr'>manus</span> <span class='ocrx_word' id='word_1_4' title='bbox 464 509 527 556; x_wconf 93' lang='lat' dir='ltr'>non</span> <span class='ocrx_word' id='word_1_5' title='bbox 551 491 641 574; x_wconf 90' lang='lat' dir='ltr'>prius</span> <span class='ocrx_word' id='word_1_6' title='bbox 665 491 835 557; x_wconf 86' lang='lat' dir='ltr'>solvendas</span> <span class='ocrx_word' id='word_1_7' title='bbox 859 491 1007 574; x_wconf 82' lang='lat' dir='ltr'>porrigit,</span> <span class='ocrx_word' id='word_1_8' title='bbox 1032 511 1127 575; x_wconf 88' lang='lat' dir='ltr'>quam</span> <span class='ocrx_word' id='word_1_9' title='bbox 1149 511 1247 560; x_wconf 82' lang='lat' dir='ltr'><strong>senex</strong></span> <span class='ocrx_word' id='word_1_10' title='bbox 1269 491 1331 576; x_wconf 89' lang='lat' dir='ltr'>ipsi</span> 
     </span>
     <span class='ocr_line' id='line_1_3' title="bbox 191 595 1334 682; baseline 0.003 -21"><span class='ocrx_word' id='word_1_11' title='bbox 191 597 330 679; x_wconf 91' lang='lat' dir='ltr'>primum</span> <span class='ocrx_word' id='word_1_12' title='bbox 353 615 474 676; x_wconf 89' lang='lat' dir='ltr'>soccos,</span> <span class='ocrx_word' id='word_1_13' title='bbox 507 597 656 676; x_wconf 91' lang='lat' dir='ltr'>tunicam,</span> <span class='ocrx_word' id='word_1_14' title='bbox 689 597 830 678; x_wconf 91' lang='lat' dir='ltr'>pallium,</span> <span class='ocrx_word' id='word_1_15' title='bbox 862 601 931 661; x_wconf 93' lang='lat' dir='ltr'>tum</span> <span class='ocrx_word' id='word_1_16' title='bbox 952 595 1136 664; x_wconf 87' lang='lat' dir='ltr'>libertatem</span> <span class='ocrx_word' id='word_1_17' title='bbox 1167 598 1334 682; x_wconf 84' lang='lat' dir='ltr'>cibumque</span> 
     </span>
     <span class='ocr_line' id='line_1_4' title="bbox 192 701 1332 783; baseline 0.004 -18"><span class='ocrx_word' id='word_1_18' title='bbox 192 701 349 783; x_wconf 90' lang='lat' dir='ltr'>supplicio</span> <span class='ocrx_word' id='word_1_19' title='bbox 381 719 416 765; x_wconf 94' lang='lat' dir='ltr'>se</span> <span class='ocrx_word' id='word_1_20' title='bbox 448 701 599 765; x_wconf 84' lang='lat' dir='ltr'>daturum</span> <span class='ocrx_word' id='word_1_21' title='bbox 628 701 819 782; x_wconf 86' lang='lat' dir='ltr'>polliceatur</span> <span class='ocrx_word' id='word_1_22' title='bbox 848 707 945 783; x_wconf 89' lang='lat' dir='ltr'>atque</span> <span class='ocrx_word' id='word_1_23' title='bbox 975 703 1072 768; x_wconf 88' lang='lat' dir='ltr'>etiam</span> <span class='ocrx_word' id='word_1_24' title='bbox 1102 705 1240 769; x_wconf 88' lang='lat' dir='ltr'>iniuriae</span> <span class='ocrx_word' id='word_1_25' title='bbox 1269 722 1332 768; x_wconf 91' lang='lat' dir='ltr'>non</span> 
     </span>
     <span class='ocr_line' id='line_1_5' title="bbox 192 805 1332 889; baseline 0.004 -21"><span class='ocrx_word' id='word_1_26' title='bbox 192 805 301 871; x_wconf 86' lang='lat' dir='ltr'>illatae</span> <span class='ocrx_word' id='word_1_27' title='bbox 331 805 456 870; x_wconf 86' lang='lat' dir='ltr'>ueniam</span> <span class='ocrx_word' id='word_1_28' title='bbox 487 809 578 886; x_wconf 90' lang='lat' dir='ltr'>petat</span> <span class='ocrx_word' id='word_1_29' title='bbox 607 823 626 869; x_wconf 88' lang='grc'>1</span> <span class='ocrx_word' id='word_1_30' title='bbox 650 823 743 870; x_wconf 87' lang='lat' dir='ltr'>servo</span> <span class='ocrx_word' id='word_1_31' title='bbox 773 805 1087 886; x_wconf 84' lang='lat' dir='ltr'>magnificentissime</span> <span class='ocrx_word' id='word_1_32' title='bbox 1117 826 1152 872; x_wconf 88' lang='lat' dir='ltr'>so</span> <span class='ocrx_word' id='word_1_33' title='bbox 1183 809 1332 889; x_wconf 84' lang='lat' dir='ltr'>iactante,</span> 
     </span>
     <span class='ocr_line' id='line_1_6' title="bbox 192 910 1333 994; baseline 0.004 -19"><span class='ocrx_word' id='word_1_34' title='bbox 192 929 286 992; x_wconf 92' lang='lat' dir='ltr'>quem</span> <span class='ocrx_word' id='word_1_35' title='bbox 317 929 410 975; x_wconf 90' lang='lat' dir='ltr'>cruce</span> <span class='ocrx_word' id='word_1_36' title='bbox 440 910 618 992; x_wconf 82' lang='lat' dir='ltr'><strong>digniorem</strong></span> <span class='ocrx_word' id='word_1_37' title='bbox 653 927 724 975; x_wconf 87' lang='lat' dir='ltr'>csse</span> <span class='ocrx_word' id='word_1_38' title='bbox 754 929 849 992; x_wconf 89' lang='lat' dir='ltr'>quom</span> <span class='ocrx_word' id='word_1_39' title='bbox 878 911 1020 992; x_wconf 86' lang='lat' dir='ltr'>proemio</span> <span class='ocrx_word' id='word_1_40' title='bbox 1055 917 1239 994; x_wconf 82' lang='lat' dir='ltr'>spectantes</span> <span class='ocrx_word' id='word_1_41' title='bbox 1270 933 1333 978; x_wconf 92' lang='lat' dir='ltr'>non</span> 
     </span>
     <span class='ocr_line' id='line_1_7' title="bbox 191 1015 1332 1098; baseline 0.002 -18"><span class='ocrx_word' id='word_1_42' title='bbox 191 1015 284 1096; x_wconf 86' lang='lat' dir='ltr'>fugit,</span> <span class='ocrx_word' id='word_1_43' title='bbox 316 1016 419 1080; x_wconf 86' lang='lat' dir='ltr'>satius</span> <span class='ocrx_word' id='word_1_44' title='bbox 451 1015 531 1080; x_wconf 92' lang='lat' dir='ltr'>duco</span> <span class='ocrx_word' id='word_1_45' title='bbox 559 1019 709 1095; x_wconf 87' lang='lat' dir='ltr'>suspecta</span> <span class='ocrx_word' id='word_1_46' title='bbox 743 1015 799 1080; x_wconf 89' lang='grc'><strong>1111</strong></span> <span class='ocrx_word' id='word_1_47' title='bbox 829 1017 984 1082; x_wconf 85' lang='lat' dir='ltr'>uocabula</span> <span class='ocrx_word' id='word_1_48' title='bbox 1021 1033 1194 1098; x_wconf 91' lang='lat' dir='ltr'>,nunquam</span> <span class='ocrx_word' id='word_1_49' title='bbox 1226 1018 1332 1083; x_wconf 88' lang='lat' dir='ltr'>herclc</span> 
     </span>
     <span class='ocr_line' id='line_1_8' title="bbox 191 1119 1334 1203; baseline 0 -19"><span class='ocrx_word' id='word_1_50' title='bbox 191 1121 296 1185; x_wconf 86' lang='lat' dir='ltr'>hodie‘</span> <span class='ocrx_word' id='word_1_51' title='bbox 320 1120 460 1186; x_wconf 88' lang='lat' dir='ltr'>secundo</span> <span class='ocrx_word' id='word_1_52' title='bbox 483 1120 552 1185; x_wconf 86' lang='lat' dir='ltr'>loeo</span> <span class='ocrx_word' id='word_1_53' title='bbox 571 1125 696 1184; x_wconf 84' lang='lat' dir='ltr'>mutare</span> <span class='ocrx_word' id='word_1_54' title='bbox 713 1157 753 1166; x_wconf 94' lang='lat'>-</span> <span class='ocrx_word' id='word_1_55' title='bbox 768 1119 801 1182; x_wconf 81' lang='lat' dir='ltr'>si</span> <span class='ocrx_word' id='word_1_56' title='bbox 815 1119 947 1202; x_wconf 79' lang='lat' dir='ltr'>quidem</span> <span class='ocrx_word' id='word_1_57' title='bbox 969 1121 1093 1183; x_wconf 75' lang='lat' dir='ltr'>medela</span> <span class='ocrx_word' id='word_1_58' title='bbox 1115 1141 1197 1203; x_wconf 81' lang='lat' dir='ltr'>opus</span> <span class='ocrx_word' id='word_1_59' title='bbox 1218 1127 1274 1203; x_wconf 80' lang='lat' dir='ltr'>ost,</span> <span class='ocrx_word' id='word_1_60' title='bbox 1291 1159 1334 1170; x_wconf 88' lang='lat'>-</span> 
     </span>
     <span class='ocr_line' id='line_1_9' title="bbox 193 1223 542 1305; baseline -0.003 -16"><span class='ocrx_word' id='word_1_61' title='bbox 193 1229 227 1290; x_wconf 90' lang='lat' dir='ltr'>et</span> <span class='ocrx_word' id='word_1_62' title='bbox 249 1243 297 1289; x_wconf 86' lang='lat' dir='ltr'>ex.</span> <span class='ocrx_word' id='word_1_63' title='bbox 322 1243 371 1305; x_wconf 79' lang='lat' dir='ltr'>gr.</span> <span class='ocrx_word' id='word_1_64' title='bbox 396 1223 542 1290; x_wconf 77' lang='lat' dir='ltr'>conicere</span> 
     </span>
    </p>
   </div>
   <div class='ocr_carea' id='block_1_2' title="bbox 257 1357 1240 1444">
    <p class='ocr_par' dir='ltr' id='par_1_2' title="bbox 257 1357 1240 1444">
     <span class='ocr_line' id='line_1_10' title="bbox 257 1357 1240 1444; baseline 0.005 -19"><span class='ocrx_word' id='word_1_65' title='bbox 257 1363 359 1427; x_wconf 77' lang='grc'><strong>111111</strong></span> <span class='ocrx_word' id='word_1_66' title='bbox 380 1363 450 1427; x_wconf 72' lang='lat' dir='ltr'>iarn</span> <span class='ocrx_word' id='word_1_67' title='bbox 472 1363 580 1429; x_wconf 91' lang='lat' dir='ltr'>hercle</span> <span class='ocrx_word' id='word_1_68' title='bbox 602 1363 707 1444; x_wconf 91' lang='lat' dir='ltr'>hodie,</span> <span class='ocrx_word' id='word_1_69' title='bbox 730 1369 762 1426; x_wconf 79' lang='lat' dir='ltr'>st</span> <span class='ocrx_word' id='word_1_70' title='bbox 783 1364 857 1428; x_wconf 77' lang='grc'><strong>11111</strong></span> <span class='ocrx_word' id='word_1_71' title='bbox 878 1357 1027 1443; x_wconf 84' lang='lat' dir='ltr'>orasseis,</span> <span class='ocrx_word' id='word_1_72' title='bbox 1053 1364 1158 1430; x_wconf 84' lang='lat' dir='ltr'>solves</span> <span class='ocrx_word' id='word_1_73' title='bbox 1181 1371 1240 1430; x_wconf 90' lang='lat' dir='ltr'>otc.</span> 
     </span>
    </p>
   </div>
   <div class='ocr_carea' id='block_1_3' title="bbox 164 1501 1332 1794">
    <p class='ocr_par' dir='ltr' id='par_1_3' title="bbox 164 1501 1332 1794">
     <span class='ocr_line' id='line_1_11' title="bbox 164 1501 1332 1586; baseline 0.002 -18"><span class='ocrx_word' id='word_1_74' title='bbox 164 1515 167 1520; x_wconf 83' lang='lat'>&#39;</span> <span class='ocrx_word' id='word_1_75' title='bbox 193 1501 246 1568; x_wconf 87' lang='lat' dir='ltr'>Sic</span> <span class='ocrx_word' id='word_1_76' title='bbox 280 1521 391 1568; x_wconf 86' lang='lat' dir='ltr'>servus</span> <span class='ocrx_word' id='word_1_77' title='bbox 425 1502 531 1584; x_wconf 86' lang='lat' dir='ltr'>lepide</span> <span class='ocrx_word' id='word_1_78' title='bbox 561 1521 662 1586; x_wconf 88' lang='lat' dir='ltr'>usque</span> <span class='ocrx_word' id='word_1_79' title='bbox 695 1503 736 1568; x_wconf 87' lang='lat' dir='ltr'>ad</span> <span class='ocrx_word' id='word_1_80' title='bbox 766 1501 861 1568; x_wconf 87' lang='lat' dir='ltr'>finem</span> <span class='ocrx_word' id='word_1_81' title='bbox 888 1503 1049 1586; x_wconf 82' lang='lat' dir='ltr'><strong>gradatim</strong></span> <span class='ocrx_word' id='word_1_82' title='bbox 1078 1522 1170 1569; x_wconf 87' lang='lat' dir='ltr'>senes</span> <span class='ocrx_word' id='word_1_83' title='bbox 1199 1505 1332 1572; x_wconf 89' lang='lat' dir='ltr'>minoris</span> 
     </span>
     <span class='ocr_line' id='line_1_12' title="bbox 192 1607 1332 1692; baseline 0.004 -21"><span class='ocrx_word' id='word_1_84' title='bbox 192 1607 282 1672; x_wconf 85' lang='lat' dir='ltr'>facit:</span> <span class='ocrx_word' id='word_1_85' title='bbox 314 1627 388 1674; x_wconf 89' lang='lat' dir='ltr'>nam</span> <span class='ocrx_word' id='word_1_86' title='bbox 417 1627 515 1690; x_wconf 91' lang='lat' dir='ltr'>quum</span> <span class='ocrx_word' id='word_1_87' title='bbox 541 1608 604 1673; x_wconf 87' lang='lat' dir='ltr'>iam</span> <span class='ocrx_word' id='word_1_88' title='bbox 635 1627 748 1674; x_wconf 84' lang='lat' dir='ltr'>manus</span> <span class='ocrx_word' id='word_1_89' title='bbox 771 1608 940 1674; x_wconf 85' lang='lat' dir='ltr'>solvendas</span> <span class='ocrx_word' id='word_1_90' title='bbox 963 1608 1111 1692; x_wconf 82' lang='lat' dir='ltr'>porrigit,</span> <span class='ocrx_word' id='word_1_91' title='bbox 1142 1609 1332 1691; x_wconf 86' lang='lat' dir='ltr'>Periphanis</span> 
     </span>
     <span class='ocr_line' id='line_1_13' title="bbox 194 1712 1132 1794; baseline 0.001 -16"><span class='ocrx_word' id='word_1_92' title='bbox 194 1712 400 1780; x_wconf 82' lang='lat' dir='ltr'>sedulitatem</span> <span class='ocrx_word' id='word_1_93' title='bbox 422 1712 569 1778; x_wconf 84' lang='lat' dir='ltr'>retardat</span> <span class='ocrx_word' id='word_1_94' title='bbox 591 1713 709 1778; x_wconf 86' lang='lat' dir='ltr'>iterum</span> <span class='ocrx_word' id='word_1_95' title='bbox 732 1731 952 1794; x_wconf 89' lang='lat' dir='ltr'>summumque</span> <span class='ocrx_word' id='word_1_96' title='bbox 974 1713 1132 1794; x_wconf 86' lang='lat' dir='ltr'>postulat:</span> 
     </span>
    </p>
   </div>
   <div class='ocr_carea' id='block_1_4' title="bbox 191 1813 1333 2038">
    <p class='ocr_par' dir='ltr' id='par_1_4' title="bbox 191 1813 1333 2038">
     <span class='ocr_line' id='line_1_14' title="bbox 191 1813 1333 1935; baseline 0.001 -19"><span class='ocrx_word' id='word_1_97' title='bbox 191 1851 280 1916; x_wconf 89' lang='lat' dir='ltr'>Jetzt</span> <span class='ocrx_word' id='word_1_98' title='bbox 312 1857 418 1933; x_wconf 83' lang='lat' dir='ltr'>magst</span> <span class='ocrx_word' id='word_1_99' title='bbox 452 1851 495 1918; x_wconf 92' lang='lat' dir='ltr'>du</span> <span class='ocrx_word' id='word_1_100' title='bbox 528 1851 624 1917; x_wconf 89' lang='lat' dir='ltr'>heutc</span> <span class='ocrx_word' id='word_1_101' title='bbox 657 1852 755 1931; x_wconf 84' lang='lat' dir='ltr'>mich,</span> <span class='ocrx_word' id='word_1_102' title='bbox 789 1852 899 1917; x_wconf 87' lang='lat' dir='ltr'>traunl</span> <span class='ocrx_word' id='word_1_103' title='bbox 932 1889 975 1899; x_wconf 88' lang='lat'><em>-</em></span> <span class='ocrx_word' id='word_1_104' title='bbox 1004 1813 1131 1935; x_wconf 79' lang='lat' dir='ltr'>coofcra</span> <span class='ocrx_word' id='word_1_105' title='bbox 1160 1853 1206 1915; x_wconf 86' lang='lat' dir='ltr'>da</span> <span class='ocrx_word' id='word_1_106' title='bbox 1232 1853 1333 1919; x_wconf 76' lang='lat' dir='ltr'>solado</span> 
     </span>
     <span class='ocr_line' id='line_1_15' title="bbox 834 1956 1176 2038; baseline 0.006 -18"><span class='ocrx_word' id='word_1_107' title='bbox 834 1956 1054 2038; x_wconf 65' lang='grc'><strong>1111111111,</strong></span> <span class='ocrx_word' id='word_1_108' title='bbox 1078 1957 1176 2022; x_wconf 84' lang='lat' dir='ltr'>ldsen.</span> 
     </span>
    </p>
   </div>
   <div class='ocr_carea' id='block_1_5' title="bbox 190 2077 1333 2474">
    <p class='ocr_par' dir='ltr' id='par_1_5' title="bbox 190 2077 1333 2474">
     <span class='ocr_line' id='line_1_16' title="bbox 278 2077 1332 2161; baseline 0.001 -19"><span class='ocrx_word' id='word_1_109' title='bbox 278 2077 420 2159; x_wconf 82' lang='lat' dir='ltr'>Accedit,</span> <span class='ocrx_word' id='word_1_110' title='bbox 453 2077 536 2160; x_wconf 92' lang='lat' dir='ltr'>quod</span> <span class='ocrx_word' id='word_1_111' title='bbox 567 2087 653 2144; x_wconf 88' lang='lat' dir='ltr'>certe</span> <span class='ocrx_word' id='word_1_112' title='bbox 684 2079 746 2143; x_wconf 86' lang='lat' dir='ltr'>iam</span> <span class='ocrx_word' id='word_1_113' title='bbox 779 2079 859 2144; x_wconf 85' lang='lat' dir='ltr'>satis</span> <span class='ocrx_word' id='word_1_114' title='bbox 892 2097 1096 2161; x_wconf 87' lang='lat' dir='ltr'>compressus</span> <span class='ocrx_word' id='word_1_115' title='bbox 1127 2084 1177 2144; x_wconf 89' lang='lat' dir='ltr'>est</span> <span class='ocrx_word' id='word_1_116' title='bbox 1206 2077 1332 2144; x_wconf 85' lang='lat' dir='ltr'>fabulae</span> 
     </span>
     <span class='ocr_line' id='line_1_17' title="bbox 191 2179 1333 2266; baseline 0.001 -20"><span class='ocrx_word' id='word_1_117' title='bbox 191 2179 274 2261; x_wconf 85' lang='lat' dir='ltr'>finis,</span> <span class='ocrx_word' id='word_1_118' title='bbox 299 2188 332 2247; x_wconf 91' lang='lat' dir='ltr'>et</span> <span class='ocrx_word' id='word_1_119' title='bbox 347 2199 537 2265; x_wconf 84' lang='lat' dir='ltr'>quamquam</span> <span class='ocrx_word' id='word_1_120' title='bbox 554 2202 623 2265; x_wconf 91' lang='lat' dir='ltr'>sup.</span> <span class='ocrx_word' id='word_1_121' title='bbox 641 2203 712 2265; x_wconf 84' lang='lat' dir='ltr'>pag.</span> <span class='ocrx_word' id='word_1_122' title='bbox 726 2188 767 2248; x_wconf 82' lang='lat'>20</span> <span class='ocrx_word' id='word_1_123' title='bbox 781 2202 848 2266; x_wconf 85' lang='lat' dir='ltr'>sqq.</span> <span class='ocrx_word' id='word_1_124' title='bbox 865 2183 946 2248; x_wconf 86' lang='lat' dir='ltr'>hanc</span> <span class='ocrx_word' id='word_1_125' title='bbox 962 2202 1030 2248; x_wconf 92' lang='lat' dir='ltr'>rem</span> <span class='ocrx_word' id='word_1_126' title='bbox 1048 2184 1184 2265; x_wconf 85' lang='lat' dir='ltr'>simplici</span> <span class='ocrx_word' id='word_1_127' title='bbox 1207 2183 1333 2250; x_wconf 86' lang='lat' dir='ltr'>ratione</span> 
     </span>
     <span class='ocr_line' id='line_1_18' title="bbox 192 2287 1332 2369; baseline 0.001 -18"><span class='ocrx_word' id='word_1_128' title='bbox 192 2287 362 2369; x_wconf 85' lang='lat' dir='ltr'>explanare</span> <span class='ocrx_word' id='word_1_129' title='bbox 384 2287 593 2366; x_wconf 70' lang='lat' dir='ltr'>instituimus</span> <span class='ocrx_word' id='word_1_130' title='bbox 626 2293 733 2353; x_wconf 88' lang='lat' dir='ltr'>tamen</span> <span class='ocrx_word' id='word_1_131' title='bbox 764 2289 847 2352; x_wconf 86' lang='lat' dir='ltr'>male</span> <span class='ocrx_word' id='word_1_132' title='bbox 870 2287 984 2354; x_wconf 87' lang='lat' dir='ltr'>Plauto</span> <span class='ocrx_word' id='word_1_133' title='bbox 1017 2307 1088 2354; x_wconf 90' lang='lat' dir='ltr'>eum</span> <span class='ocrx_word' id='word_1_134' title='bbox 1113 2289 1332 2353; x_wconf 85' lang='lat' dir='ltr'>existimamus</span> 
     </span>
     <span class='ocr_line' id='line_1_19' title="bbox 190 2393 1332 2474; baseline 0.002 -17"><span class='ocrx_word' id='word_1_135' title='bbox 190 2411 312 2457; x_wconf 89' lang='lat' dir='ltr'>morem</span> <span class='ocrx_word' id='word_1_136' title='bbox 336 2407 458 2474; x_wconf 81' lang='lat' dir='ltr'>gerere,</span> <span class='ocrx_word' id='word_1_137' title='bbox 491 2393 545 2474; x_wconf 94' lang='lat' dir='ltr'>qui</span> <span class='ocrx_word' id='word_1_138' title='bbox 568 2393 618 2457; x_wconf 88' lang='lat' dir='ltr'>uel</span> <span class='ocrx_word' id='word_1_139' title='bbox 641 2393 806 2457; x_wconf 92' lang='lat' dir='ltr'>minimum</span> <span class='ocrx_word' id='word_1_140' title='bbox 836 2411 874 2458; x_wconf 89' lang='lat' dir='ltr'>ex</span> <span class='ocrx_word' id='word_1_141' title='bbox 896 2393 1010 2457; x_wconf 87' lang='lat' dir='ltr'>ultima</span> <span class='ocrx_word' id='word_1_142' title='bbox 1041 2411 1136 2458; x_wconf 87' lang='lat' dir='ltr'>scena</span> <span class='ocrx_word' id='word_1_143' title='bbox 1159 2399 1332 2460; x_wconf 85' lang='lat' dir='ltr'>removeat.</span> 
     </span>
    </p>
   </div>
   <div class='ocr_carea' id='block_1_6' title="bbox 191 2582 1333 4343">
    <p class='ocr_par' dir='ltr' id='par_1_6' title="bbox 191 2582 1332 3188">
     <span class='ocr_line' id='line_1_20' title="bbox 277 2582 1332 2666; baseline -0.001 -17"><span class='ocrx_word' id='word_1_144' title='bbox 277 2585 388 2649; x_wconf 85' lang='lat' dir='ltr'>Liceat</span> <span class='ocrx_word' id='word_1_145' title='bbox 410 2583 470 2648; x_wconf 93' lang='lat' dir='ltr'>hoc</span> <span class='ocrx_word' id='word_1_146' title='bbox 492 2584 561 2649; x_wconf 88' lang='lat' dir='ltr'>loco</span> <span class='ocrx_word' id='word_1_147' title='bbox 584 2583 707 2649; x_wconf 88' lang='lat' dir='ltr'>leviora</span> <span class='ocrx_word' id='word_1_148' title='bbox 734 2584 889 2664; x_wconf 87' lang='lat' dir='ltr'>quaedam</span> <span class='ocrx_word' id='word_1_149' title='bbox 912 2597 1066 2666; x_wconf 86' lang='lat' dir='ltr'>perquam</span> <span class='ocrx_word' id='word_1_150' title='bbox 1093 2582 1238 2649; x_wconf 90' lang='lat' dir='ltr'>breviter</span> <span class='ocrx_word' id='word_1_151' title='bbox 1259 2602 1332 2665; x_wconf 91' lang='lat' dir='ltr'>per-</span> 
     </span>
     <span class='ocr_line' id='line_1_21' title="bbox 192 2687 1332 2771; baseline -0.001 -16"><span class='ocrx_word' id='word_1_152' title='bbox 192 2689 353 2771; x_wconf 84' lang='lat' dir='ltr'>stringere</span> <span class='ocrx_word' id='word_1_153' title='bbox 385 2692 481 2769; x_wconf 87' lang='lat' dir='ltr'>atque</span> <span class='ocrx_word' id='word_1_154' title='bbox 512 2687 689 2770; x_wconf 84' lang='lat' dir='ltr'>attingere,</span> <span class='ocrx_word' id='word_1_155' title='bbox 724 2707 806 2770; x_wconf 84' lang='lat' dir='ltr'>quae</span> <span class='ocrx_word' id='word_1_156' title='bbox 836 2689 864 2753; x_wconf 91' lang='lat' dir='ltr'>si</span> <span class='ocrx_word' id='word_1_157' title='bbox 895 2707 993 2771; x_wconf 87' lang='lat' dir='ltr'>supra</span> <span class='ocrx_word' id='word_1_158' title='bbox 1022 2689 1201 2770; x_wconf 86' lang='lat' dir='ltr'>quaestioni</span> <span class='ocrx_word' id='word_1_159' title='bbox 1232 2689 1332 2754; x_wconf 85' lang='lat' dir='ltr'>admi-</span> 
     </span>
     <span class='ocr_line' id='line_1_22' title="bbox 191 2792 1332 2876; baseline -0.003 -16"><span class='ocrx_word' id='word_1_160' title='bbox 191 2795 395 2872; x_wconf 89' lang='lat' dir='ltr'>scuisscmus,</span> <span class='ocrx_word' id='word_1_161' title='bbox 420 2792 683 2874; x_wconf 79' lang='lat' dir='ltr'>gravissimarum</span> <span class='ocrx_word' id='word_1_162' title='bbox 706 2811 814 2859; x_wconf 89' lang='lat' dir='ltr'>rerum</span> <span class='ocrx_word' id='word_1_163' title='bbox 837 2797 1020 2859; x_wconf 86' lang='lat' dir='ltr'>contentum</span> <span class='ocrx_word' id='word_1_164' title='bbox 1043 2794 1151 2876; x_wconf 92' lang='lat' dir='ltr'>inique</span> <span class='ocrx_word' id='word_1_165' title='bbox 1172 2794 1332 2860; x_wconf 89' lang='lat' dir='ltr'>turbavis-</span> 
     </span>
     <span class='ocr_line' id='line_1_23' title="bbox 194 2897 1332 2981; baseline 0.002 -19"><span class='ocrx_word' id='word_1_166' title='bbox 194 2917 309 2964; x_wconf 88' lang='lat' dir='ltr'>semus.</span> <span class='ocrx_word' id='word_1_167' title='bbox 354 2897 460 2979; x_wconf 83' lang='lat' dir='ltr'>Atque</span> <span class='ocrx_word' id='word_1_168' title='bbox 487 2897 625 2977; x_wconf 92' lang='lat' dir='ltr'>primum</span> <span class='ocrx_word' id='word_1_169' title='bbox 653 2898 685 2962; x_wconf 94' lang='lat' dir='ltr'>in</span> <span class='ocrx_word' id='word_1_170' title='bbox 713 2897 900 2981; x_wconf 76' lang='lat' dir='ltr'>Laonprohoa&#39;</span> <span class='ocrx_word' id='word_1_171' title='bbox 933 2899 1102 2980; x_wconf 90' lang='lat' dir='ltr'>scrupulos</span> <span class='ocrx_word' id='word_1_172' title='bbox 1135 2899 1332 2980; x_wconf 89' lang='lat' dir='ltr'>inquiramus</span> 
     </span>
     <span class='ocr_line' id='line_1_24' title="bbox 194 3001 1332 3083; baseline 0.003 -19"><span class='ocrx_word' id='word_1_173' title='bbox 194 3001 214 3065; x_wconf 94' lang='lat' dir='ltr'>l.</span> <span class='ocrx_word' id='word_1_174' title='bbox 228 3019 253 3066; x_wconf 93' lang='lat' dir='ltr'>s.</span> <span class='ocrx_word' id='word_1_175' title='bbox 267 3020 291 3066; x_wconf 91' lang='lat' dir='ltr'>s.</span> <span class='ocrx_word' id='word_1_176' title='bbox 309 3021 338 3083; x_wconf 91' lang='lat' dir='ltr'>p.</span> <span class='ocrx_word' id='word_1_177' title='bbox 360 3005 397 3065; x_wconf 83' lang='grc'>16</span> <span class='ocrx_word' id='word_1_178' title='bbox 411 3019 478 3082; x_wconf 90' lang='lat' dir='ltr'>sqq.</span> <span class='ocrx_word' id='word_1_179' title='bbox 500 3001 629 3081; x_wconf 87' lang='lat' dir='ltr'>relatos,</span> <span class='ocrx_word' id='word_1_180' title='bbox 651 3001 765 3083; x_wconf 91' lang='lat' dir='ltr'>quibus</span> <span class='ocrx_word' id='word_1_181' title='bbox 782 3003 912 3082; x_wconf 86' lang='lat' dir='ltr'>quaein</span> <span class='ocrx_word' id='word_1_182' title='bbox 929 3003 1059 3068; x_wconf 92' lang='lat' dir='ltr'>dubium</span> <span class='ocrx_word' id='word_1_183' title='bbox 1075 3009 1231 3067; x_wconf 90' lang='lat' dir='ltr'>vocantur</span> <span class='ocrx_word' id='word_1_184' title='bbox 1246 3002 1332 3067; x_wconf 86' lang='lat' dir='ltr'>haud</span> 
     </span>
     <span class='ocr_line' id='line_1_25' title="bbox 193 3104 1330 3188; baseline 0.001 -19"><span class='ocrx_word' id='word_1_185' title='bbox 193 3105 258 3170; x_wconf 90' lang='lat' dir='ltr'>scio</span> <span class='ocrx_word' id='word_1_186' title='bbox 280 3123 320 3170; x_wconf 89' lang='grc'>11</span> <span class='ocrx_word' id='word_1_187' title='bbox 345 3105 451 3172; x_wconf 91' lang='lat' dir='ltr'>omnia</span> <span class='ocrx_word' id='word_1_188' title='bbox 472 3104 513 3169; x_wconf 88' lang='grc'>111</span> <span class='ocrx_word' id='word_1_189' title='bbox 537 3123 633 3169; x_wconf 90' lang='lat' dir='ltr'>unum</span> <span class='ocrx_word' id='word_1_190' title='bbox 656 3105 684 3170; x_wconf 94' lang='lat' dir='ltr'>si</span> <span class='ocrx_word' id='word_1_191' title='bbox 710 3125 773 3170; x_wconf 96' lang='lat' dir='ltr'>non</span> <span class='ocrx_word' id='word_1_192' title='bbox 796 3107 910 3186; x_wconf 89' lang='lat' dir='ltr'>teneri,</span> <span class='ocrx_word' id='word_1_193' title='bbox 936 3111 1043 3170; x_wconf 85' lang='lat' dir='ltr'>tamen</span> <span class='ocrx_word' id='word_1_194' title='bbox 1067 3107 1174 3171; x_wconf 83' lang='lat' dir='ltr'>sanari</span> <span class='ocrx_word' id='word_1_195' title='bbox 1196 3107 1330 3188; x_wconf 86' lang='lat' dir='ltr'>possint.</span> 
     </span>
    </p>

    <p class='ocr_par' dir='ltr' id='par_1_7' title="bbox 191 3208 1333 4343">
     <span class='ocr_line' id='line_1_26' title="bbox 279 3208 1333 3294; baseline 0 -18"><span class='ocrx_word' id='word_1_196' title='bbox 279 3209 371 3287; x_wconf 81' lang='lat' dir='ltr'>Quod</span> <span class='ocrx_word' id='word_1_197' title='bbox 383 3210 469 3274; x_wconf 91' lang='lat' dir='ltr'>enim</span> <span class='ocrx_word' id='word_1_198' title='bbox 480 3209 520 3274; x_wconf 86' lang='lat' dir='ltr'>nd</span> <span class='ocrx_word' id='word_1_199' title='bbox 537 3208 1100 3294; x_wconf 74' lang='grc'><strong>111117((11.111111111111111111,</strong></span> <span class='ocrx_word' id='word_1_200' title='bbox 1118 3211 1145 3276; x_wconf 92' lang='lat' dir='ltr'>si</span> <span class='ocrx_word' id='word_1_201' title='bbox 1158 3209 1333 3276; x_wconf 87' lang='lat' dir='ltr'>Chaeribu-</span> 
     </span>
     <span class='ocr_line' id='line_1_27' title="bbox 193 3312 1332 3399; baseline 0.001 -20"><span class='ocrx_word' id='word_1_202' title='bbox 193 3312 243 3379; x_wconf 93' lang='lat' dir='ltr'>lus</span> <span class='ocrx_word' id='word_1_203' title='bbox 260 3314 485 3396; x_wconf 85' lang='lat' dir='ltr'>Stratippoclis</span> <span class='ocrx_word' id='word_1_204' title='bbox 508 3315 643 3380; x_wconf 84' lang='lat' dir='ltr'>amicam</span> <span class='ocrx_word' id='word_1_205' title='bbox 662 3335 777 3398; x_wconf 77' lang='lat' dir='ltr'>penore</span> <span class='ocrx_word' id='word_1_206' title='bbox 798 3319 994 3399; x_wconf 77' lang='lat' dir='ltr'>propnetam</span> <span class='ocrx_word' id='word_1_207' title='bbox 1017 3314 1099 3379; x_wconf 81' lang='lat' dir='ltr'>bono</span> <span class='ocrx_word' id='word_1_208' title='bbox 1123 3315 1218 3397; x_wconf 86' lang='lat' dir='ltr'>dicat,</span> <span class='ocrx_word' id='word_1_209' title='bbox 1242 3315 1332 3380; x_wconf 89' lang='lat' dir='ltr'>cuius</span> 
     </span>
     <span class='ocr_line' id='line_1_28' title="bbox 193 3419 1332 3502; baseline 0.004 -20"><span class='ocrx_word' id='word_1_210' title='bbox 193 3419 283 3500; x_wconf 85' lang='lat' dir='ltr'>origo</span> <span class='ocrx_word' id='word_1_211' title='bbox 307 3437 346 3484; x_wconf 86' lang='lat' dir='ltr'>ex</span> <span class='ocrx_word' id='word_1_212' title='bbox 368 3421 519 3485; x_wconf 86' lang='lat' dir='ltr'>universa</span> <span class='ocrx_word' id='word_1_213' title='bbox 542 3419 669 3486; x_wconf 83' lang='lat' dir='ltr'>fabulae</span> <span class='ocrx_word' id='word_1_214' title='bbox 692 3421 817 3487; x_wconf 86' lang='lat' dir='ltr'>ratione</span> <span class='ocrx_word' id='word_1_215' title='bbox 839 3439 879 3486; x_wconf 93' lang='lat' dir='ltr'>ne</span> <span class='ocrx_word' id='word_1_216' title='bbox 902 3419 997 3485; x_wconf 84' lang='lat' dir='ltr'>fratri</span> <span class='ocrx_word' id='word_1_217' title='bbox 1019 3420 1147 3502; x_wconf 88' lang='lat' dir='ltr'>quidem</span> <span class='ocrx_word' id='word_1_218' title='bbox 1175 3427 1252 3486; x_wconf 88' lang='lat' dir='ltr'>nota</span> <span class='ocrx_word' id='word_1_219' title='bbox 1279 3422 1332 3502; x_wconf 91' lang='lat' dir='ltr'>sit,</span> 
     </span>
     <span class='ocr_line' id='line_1_29' title="bbox 191 3523 1333 3606; baseline 0.005 -21"><span class='ocrx_word' id='word_1_220' title='bbox 191 3523 241 3586; x_wconf 89' lang='lat' dir='ltr'>uir</span> <span class='ocrx_word' id='word_1_221' title='bbox 263 3523 376 3588; x_wconf 90' lang='lat' dir='ltr'>doctus</span> <span class='ocrx_word' id='word_1_222' title='bbox 399 3523 432 3588; x_wconf 93' lang='lat' dir='ltr'>id</span> <span class='ocrx_word' id='word_1_223' title='bbox 454 3528 542 3588; x_wconf 88' lang='lat' dir='ltr'>certe</span> <span class='ocrx_word' id='word_1_224' title='bbox 564 3525 706 3606; x_wconf 85' lang='lat' dir='ltr'>neglexit</span> <span class='ocrx_word' id='word_1_225' title='bbox 722 3525 949 3592; x_wconf 83' lang='lat' dir='ltr'>Chaeribulum</span> <span class='ocrx_word' id='word_1_226' title='bbox 971 3525 1050 3589; x_wconf 94' lang='lat' dir='ltr'>nihil</span> <span class='ocrx_word' id='word_1_227' title='bbox 1073 3525 1160 3590; x_wconf 88' lang='lat' dir='ltr'>aliud</span> <span class='ocrx_word' id='word_1_228' title='bbox 1183 3526 1333 3591; x_wconf 87' lang='lat' dir='ltr'>videlicet</span> 
     </span>
     <span class='ocr_line' id='line_1_30' title="bbox 191 3625 1331 3712; baseline 0.004 -22"><span class='ocrx_word' id='word_1_229' title='bbox 191 3625 347 3706; x_wconf 87' lang='lat' dir='ltr'>proferre,</span> <span class='ocrx_word' id='word_1_230' title='bbox 365 3647 460 3710; x_wconf 88' lang='lat' dir='ltr'>quam</span> <span class='ocrx_word' id='word_1_231' title='bbox 475 3647 556 3710; x_wconf 90' lang='lat' dir='ltr'>quae</span> <span class='ocrx_word' id='word_1_232' title='bbox 573 3626 613 3693; x_wconf 87' lang='lat' dir='ltr'>ab</span> <span class='ocrx_word' id='word_1_233' title='bbox 630 3628 684 3693; x_wconf 90' lang='lat' dir='ltr'>illo</span> <span class='ocrx_word' id='word_1_234' title='bbox 700 3629 850 3709; x_wconf 84' lang='lat' dir='ltr'>audierit,</span> <span class='ocrx_word' id='word_1_235' title='bbox 868 3629 1118 3710; x_wconf 86' lang='lat' dir='ltr'>Stratippoclem</span> <span class='ocrx_word' id='word_1_236' title='bbox 1133 3648 1210 3712; x_wconf 81' lang='lat' dir='ltr'>ergo</span> <span class='ocrx_word' id='word_1_237' title='bbox 1227 3631 1331 3712; x_wconf 89' lang='lat' dir='ltr'>ipsum</span> 
     </span>
     <span class='ocr_line' id='line_1_31' title="bbox 192 3731 1332 3817; baseline 0.004 -21"><span class='ocrx_word' id='word_1_238' title='bbox 192 3732 261 3797; x_wconf 91' lang='lat' dir='ltr'>sine</span> <span class='ocrx_word' id='word_1_239' title='bbox 284 3731 381 3798; x_wconf 91' lang='lat' dir='ltr'>dubio</span> <span class='ocrx_word' id='word_1_240' title='bbox 396 3733 536 3814; x_wconf 84' lang='lat' dir='ltr'>puellam</span> <span class='ocrx_word' id='word_1_241' title='bbox 560 3731 654 3812; x_wconf 90' lang='lat' dir='ltr'>,bono</span> <span class='ocrx_word' id='word_1_242' title='bbox 670 3751 789 3814; x_wconf 83' lang='lat' dir='ltr'>genere</span> <span class='ocrx_word' id='word_1_243' title='bbox 804 3737 923 3799; x_wconf 77' lang='grc' dir='ltr'>111111ι</span> <span class='ocrx_word' id='word_1_244' title='bbox 947 3731 1141 3813; x_wconf 84' lang='lat' dir='ltr'>exhibuisse,</span> <span class='ocrx_word' id='word_1_245' title='bbox 1164 3753 1227 3799; x_wconf 94' lang='lat' dir='ltr'>non</span> <span class='ocrx_word' id='word_1_246' title='bbox 1248 3735 1332 3817; x_wconf 92' lang='lat' dir='ltr'>quod</span> 
     </span>
     <span class='ocr_line' id='line_1_32' title="bbox 191 3836 1332 3921; baseline 0.002 -19"><span class='ocrx_word' id='word_1_247' title='bbox 191 3836 442 3920; x_wconf 83' lang='lat' dir='ltr'>deponentibus</span> <span class='ocrx_word' id='word_1_248' title='bbox 470 3839 540 3904; x_wconf 88' lang='lat' dir='ltr'>eius</span> <span class='ocrx_word' id='word_1_249' title='bbox 567 3837 740 3920; x_wconf 84' lang='lat' dir='ltr'>quidquam</span> <span class='ocrx_word' id='word_1_250' title='bbox 767 3839 968 3921; x_wconf 89' lang='lat' dir='ltr'>compererit,</span> <span class='ocrx_word' id='word_1_251' title='bbox 999 3837 1056 3904; x_wconf 93' lang='lat' dir='ltr'>sed</span> <span class='ocrx_word' id='word_1_252' title='bbox 1088 3838 1163 3920; x_wconf 90' lang='lat' dir='ltr'>quia</span> <span class='ocrx_word' id='word_1_253' title='bbox 1189 3837 1332 3904; x_wconf 89' lang='lat' dir='ltr'>moribus</span> 
     </span>
     <span class='ocr_line' id='line_1_33' title="bbox 193 3941 1331 4025; baseline 0.001 -19"><span class='ocrx_word' id='word_1_254' title='bbox 193 3943 260 4008; x_wconf 89' lang='lat' dir='ltr'>suis</span> <span class='ocrx_word' id='word_1_255' title='bbox 274 3943 414 4025; x_wconf 85' lang='lat' dir='ltr'>ingenua</span> <span class='ocrx_word' id='word_1_256' title='bbox 427 3944 456 4008; x_wconf 89' lang='lat' dir='ltr'>ei</span> <span class='ocrx_word' id='word_1_257' title='bbox 467 3941 651 4022; x_wconf 87' lang='lat' dir='ltr'>uidebatur;</span> <span class='ocrx_word' id='word_1_258' title='bbox 668 3944 869 4024; x_wconf 89' lang='lat' dir='ltr'>nequeenim</span> <span class='ocrx_word' id='word_1_259' title='bbox 887 3944 954 4008; x_wconf 89' lang='lat' dir='ltr'>ueri</span> <span class='ocrx_word' id='word_1_260' title='bbox 966 3941 1121 4008; x_wconf 90' lang='lat' dir='ltr'>dissimile</span> <span class='ocrx_word' id='word_1_261' title='bbox 1133 3948 1184 4008; x_wconf 88' lang='lat' dir='ltr'>est</span> <span class='ocrx_word' id='word_1_262' title='bbox 1199 3944 1331 4008; x_wconf 88' lang='lat' dir='ltr'>amicam</span> 
     </span>
     <span class='ocr_line' id='line_1_34' title="bbox 193 4046 1333 4129; baseline 0.001 -17"><span class='ocrx_word' id='word_1_263' title='bbox 193 4047 337 4113; x_wconf 91' lang='lat' dir='ltr'>consulto</span> <span class='ocrx_word' id='word_1_264' title='bbox 350 4047 587 4113; x_wconf 86' lang='lat' dir='ltr'>adulescentem</span> <span class='ocrx_word' id='word_1_265' title='bbox 598 4047 740 4129; x_wconf 89' lang='lat' dir='ltr'>spuriam</span> <span class='ocrx_word' id='word_1_266' title='bbox 756 4048 912 4129; x_wconf 84' lang='lat' dir='ltr'>originem</span> <span class='ocrx_word' id='word_1_267' title='bbox 929 4047 1050 4113; x_wconf 90' lang='lat' dir='ltr'>celasse</span> <span class='ocrx_word' id='word_1_268' title='bbox 1066 4051 1123 4112; x_wconf 88' lang='lat' dir='ltr'>aut</span> <span class='ocrx_word' id='word_1_269' title='bbox 1139 4047 1236 4112; x_wconf 86' lang='lat' dir='ltr'>etiam</span> <span class='ocrx_word' id='word_1_270' title='bbox 1251 4046 1333 4114; x_wconf 85' lang='lat' dir='ltr'>falsa</span> 
     </span>
     <span class='ocr_line' id='line_1_35' title="bbox 192 4151 1332 4234; baseline 0.001 -18"><span class='ocrx_word' id='word_1_271' title='bbox 192 4153 428 4233; x_wconf 86' lang='lat' dir='ltr'>pronuntiasse.</span> <span class='ocrx_word' id='word_1_272' title='bbox 463 4151 612 4219; x_wconf 82' lang='lat' dir='ltr'>Ceterum</span> <span class='ocrx_word' id='word_1_273' title='bbox 628 4151 768 4216; x_wconf 79' lang='lat' dir='ltr'>Weisc&#39;as</span> <span class='ocrx_word' id='word_1_274' title='bbox 791 4169 917 4234; x_wconf 91' lang='lat' dir='ltr'>quoque</span> <span class='ocrx_word' id='word_1_275' title='bbox 934 4151 1069 4216; x_wconf 92' lang='lat' dir='ltr'>eundem</span> <span class='ocrx_word' id='word_1_276' title='bbox 1086 4171 1113 4216; x_wconf 91' lang='lat' dir='ltr'>v.</span> <span class='ocrx_word' id='word_1_277' title='bbox 1131 4157 1190 4216; x_wconf 83' lang='lat'>107</span> <span class='ocrx_word' id='word_1_278' title='bbox 1207 4153 1332 4233; x_wconf 75' lang='lat' dir='ltr'>vitupe</span> 
     </span>
     <span class='ocr_line' id='line_1_36' title="bbox 192 4255 1332 4343; baseline 0 -23"><span class='ocrx_word' id='word_1_279' title='bbox 192 4261 244 4321; x_wconf 88' lang='lat' dir='ltr'>rat</span> <span class='ocrx_word' id='word_1_280' title='bbox 259 4256 486 4341; x_wconf 85' lang='lat' dir='ltr'>Stratippoclis</span> <span class='ocrx_word' id='word_1_281' title='bbox 504 4257 662 4341; x_wconf 82' lang='lat' dir='ltr'>pudorem</span> <span class='ocrx_word' id='word_1_282' title='bbox 678 4256 827 4343; x_wconf 77' lang='lat' dir='ltr'>ineptam</span> <span class='ocrx_word' id='word_1_283' title='bbox 846 4258 964 4338; x_wconf 88' lang='lat' dir='ltr'>dicens,</span> <span class='ocrx_word' id='word_1_284' title='bbox 981 4274 1078 4338; x_wconf 92' lang='lat' dir='ltr'>quum</span> <span class='ocrx_word' id='word_1_285' title='bbox 1095 4255 1332 4322; x_wconf 87' lang='lat' dir='ltr'>adulescentem</span> 
     </span>
    </p>
   </div>
   <div class='ocr_carea' id='block_1_7' title="bbox 0 0 1612 5106">
    <p class='ocr_par' dir='ltr' id='par_1_8' title="bbox 0 0 1612 5106">
     <span class='ocr_line' id='line_1_37' title="bbox 0 0 1612 5106; baseline 0 0"><span class='ocrx_word' id='word_1_286' title='bbox 0 0 1612 5106; x_wconf 95' lang='lat' dir='ltr'> </span> 
     </span>
    </p>
   </div>
  </div>
 </body>
</html>
