3216 5106
761 303 799 364 61

677 389 884 398 ι--ῄ

211 511 312 576 poetae
332 506 440 562 fabulas
459 505 589 574 antiquas
608 503 686 560 vario
705 503 796 558 Marte
814 509 956 573 tamquam
973 505 1002 562 in
1019 523 1105 562 novas
1125 512 1292 563 commutare
1310 508 1350 564 in·

212 595 371 662 stituerunt,
390 593 439 647 sed
456 593 490 646 de
509 591 655 646 comoediis
675 589 832 646 accuratius
847 597 996 647 metrorum
1011 594 1151 649 varietate
1166 600 1278 651 servata
1292 597 1351 651 sive

212 684 303 737 soluta
321 679 445 736 oratione
468 679 557 750 magis
582 679 701 734 fortasse
726 679 870 747 perspicue
894 680 1054 736 translatis:
1083 698 1136 750 quo
1161 687 1255 737 autem
1272 684 1351 738 modo

211 786 255 824 res
274 769 347 822 ellici
365 772 466 837 posset,
485 765 619 821 iamsatis
637 765 808 834 cogitatione
826 766 1000 835 duxeramus,
1024 784 1107 836 quum
1126 784 1160 822 ex
1177 769 1247 823 libro
1271 770 1351 838 ,Phil

210 854 448 912 Wocluenschrift‘
478 854 519 908 ed.
538 853 726 922 Hirschfelder
756 852 825 907 1883
857 870 922 924 pag.
949 854 1002 910 412
1033 855 1211 925 comperimus
1245 857 1350 927 Anglos

211 943 341 998 eiusmodi
359 941 431 996 ludis
450 939 566 996 scenicis
583 939 687 1009 priscas
706 938 769 993 illas
787 939 902 994 Terenti
920 941 1070 1010 Plautique
1089 943 1243 998 comoedias
1262 959 1351 1013 nuper

209 1032 306 1086 docere
325 1029 447 1098 coepisse
464 1045 519 1082 non
542 1027 599 1082 alia
621 1026 730 1081 ratione
748 1026 853 1094 ductos,
879 1042 960 1094 qnam
984 1045 1040 1096 qua
1057 1028 1124 1083 mihi
1146 1045 1191 1084 res
1216 1030 1351 1086 arriserat

212 1119 309 1187 qenes
327 1115 486 1185 praktische
504 1115 619 1184 Erfolge
637 1114 729 1168 lassen
747 1113 805 1167 sich
823 1114 1005 1169 nachweisen.
1042 1115 1094 1170 Die
1112 1116 1279 1172 Direlrtoren
1297 1135 1351 1174 von

198 1207 283 1266 ¹Beth
305 1205 361 1258 und
385 1203 574 1272 Binningham
596 1201 688 1255 finden
710 1199 838 1267 niimlich,
865 1201 927 1254 dass
953 1199 1011 1254 ihre
1035 1201 1149 1256 Schitler
1178 1203 1263 1258 durch
1285 1205 1351 1274 jene

210 1293 422 1361 Aiuffuhrungen
440 1290 520 1345 einen
537 1287 734 1362 lebendigercn
752 1287 807 1341 und
825 1289 955 1342 klarereu
969 1288 1079 1358 Bcgriif
1095 1290 1277 1359 uonSprache
1296 1292 1351 1346 und

210 1381 303 1435 Leben
320 1379 375 1433 und
393 1378 508 1432 Deakeu
527 1377 575 1431 der
592 1376 691 1429 Remer
709 1375 853 1430 erhalten.‘
890 1375 924 1430 F.
944 1376 1101 1446 Hovcefiald
1117 1377 1135 1431 1.
1154 1393 1176 1432 s.
1194 1379 1236 1445 1.).

279 1538 306 1604 8)
325 1534 489 1590 Rectissime
499 1533 685 1588 Reiectus-dtas
696 1531 725 1586 in
734 1532 913 1588 Stadaaaadi
931 1533 1003 1586 stud.
1023 1533 1101 1587 vol.I
1118 1550 1145 1602 p.
1155 1533 1206 1590 107
1225 1535 1353 1604 exposuit

211 1640 290 1679 senes
307 1639 361 1678 non
370 1622 515 1692 Epidicum
533 1625 642 1676 tantum
660 1618 839 1688 quaesivisse,
858 1619 906 1672 sed
926 1619 1010 1674 etiam
1028 1619 1114 1674 liliam
1134 1621 1251 1690 (11102),
1271 1639 1352 1690 quam

211 1711 328 1765 Athenis
338 1709 444 1764 versari
460 1707 639 1762 audiverant:
659 1705 725 1774 quid
738 1710 847 1774 patrem
857 1705 999 1774 antiquius
1009 1707 1110 1761 habere
1119 1707 1251 1776 potuisse,
1271 1725 1352 1776 quam

210 1806 243 1852 ut
260 1799 331 1853 hanc
349 1796 503 1852 inveniret?
541 1794 618 1862 Quod
636 1799 730 1848 autem
749 1793 859 1862 saepius
879 1793 953 1847 servi
976 1801 1058 1862 qnam
1076 1794 1151 1849 filiae
1170 1795 1273 1850 mentio
1292 1796 1351 1867 liat,

211 1887 239 1940 id
262 1885 363 1939 comico
387 1883 451 1938 stilo
474 1882 650 1937 tribuendum
674 1895 742 1949 esse,
767 1879 811 1934 cui
835 1895 919 1935 senex
941 1895 1021 1936 seruo
1044 1880 1132 1936 iratus
1156 1883 1245 1953 magis
1270 1901 1352 1952 quarn

210 1979 291 2043 pater
308 1972 393 2026 tiliam
411 1969 569 2026 desiderans
588 1967 754 2024 convenerit.

279 2131 306 2197 9)
327 2129 362 2183 ci.
376 2127 513 2198 Ladewip.
533 2127 561 2181 in
570 2126 667 2180 Iliurn.
678 2131 736 2181 ant.
746 2126 819 2180 stud.
838 2125 941 2180 11841
960 2143 987 2195 p.
997 2126 1065 2181 11119
1075 2142 1143 2194 sqq,
1162 2125 1352 2180 R.Ms'illerum

213 2216 242 2271 in
260 2215 455 2271 dissertatione
479 2215 529 2284 ,Dc
553 2212 648 2268 Plauti
670 2213 761 2281 Epic!
789 2231 815 2282 p.
834 2213 877 2282 13,
907 2213 1048 2269 Goctaium
1076 2213 1105 2268 iu
1122 2213 1185 2267 Act.
1203 2229 1257 2267 soc.
1276 2211 1352 2281 Lips.

212 2305 252 2360 VI
269 2321 296 2372 p.
314 2303 374 2357 287.

281 2460 324 2526 10)
343 2459 404 2514 Non
421 2458 532 2514 silentio
551 2458 782 2527 praetereundum
801 2461 844 2512 est
862 2456 920 2512 alia
938 2472 1046 2526 quoque
1063 2456 1277 2512 ratiocinatione
1295 2471 1353 2510 rem

212 2535 336 2618 expediri
353 2562 442 2616 posse.
479 2547 568 2614 Quium
586 2546 658 2600 enim
675 2551 772 2615 postea
790 2563 816 2600 v.
835 2544 886 2600 431
906 2561 964 2612 sqq.
987 2544 1065 2600 miles
1084 2559 1113 2597 re
1131 2559 1198 2599 uera
1217 2544 1250 2598 de
1269 2549 1352 2602 Acro·

211 2636 341 2706 polistide
361 2635 474 2688 emenda
493 2634 633 2701 adventet,
654 2631 906 2701 quidverisimilius
926 2648 1006 2700 quam
1016 2631 1162 2700 Epidicum
1180 2632 1353 2688 adulescenti

212 2725 311 2792 ornnia,
330 2737 401 2790 quae
421 2722 455 2774 de
473 2720 562 2774 milite
582 2729 721 2788 comperta
745 2720 856 2788 habeat,
875 2718 980 2774 sincere
1000 2718 1101 2787 eloqui,
1126 2723 1222 2774 contra
1244 2721 1304 2774 seni
1322 2725 1354 2774 ut

212 2810 366 2881 generatim
384 2810 418 2863 de
436 2807 605 2863 mulierculis
624 2813 654 2861 et
670 2807 759 2862 milite
779 2806 895 2875 (1301),
915 2806 957 2861 ita
975 2806 1009 2860 de
1024 2805 1117 2875 patria
1132 2805 1190 2860 eius
1205 2805 1353 2876 imponere,

211 2897 375 2968 praesertim
393 2912 476 2964 quuum
494 2901 649 2949 ceterarum
667 2910 775 2962 quoque
794 2893 994 2948 comoediarum
1017 2893 1091 2948 servi
1108 2908 1203 2962 parem
1227 2893 1307 2947 fidem
1325 2893 1354 2948 in

211 2987 292 3038 heros
311 2983 511 3052 adulescentes,
530 2984 558 3036 in
577 2997 656 3036 senes
676 2982 792 3036 eandem
809 2979 1046 3047 vaniloquentiam
1064 2980 1227 3048 proferant?
1251 2980 1354 3048 Utique

211 3072 288 3124 locus
298 3085 388 3138 neque
399 3068 649 3136 contaminationis,
668 3082 757 3135 neque
767 3066 975 3121 retractationis
986 3066 1115 3120 subsidiis
1126 3071 1199 3136 eget.
1226 3065 1354 3120 Ceterum

212 3159 267 3212 iam
285 3158 319 3212 R.
340 3158 475 3211 Mitlleras
493 3157 510 3211 l.
521 3174 543 3210 s.
554 3173 575 3210 s.
594 3155 676 3209 simili
695 3153 774 3208 modo
793 3154 826 3206 de
845 3153 904 3206 loco
923 3152 1067 3222 disseruit,
1086 3154 1355 3222 quaeLanqrchra'us

212 3245 327 3299 Miscell.
345 3244 411 3313 phil.
422 3244 548 3313 Gotting.
558 3261 584 3313 p.
595 3242 628 3296 17
648 3242 786 3308 observat,
804 3245 900 3294 nostra
919 3239 995 3294 inre
1014 3239 1117 3294 nullius
1136 3239 1266 3294 momenti
1280 3246 1353 3294 suunt.

281 3418 326 3483 11)
346 3416 456 3485 Epidioi
474 3417 546 3470 dicto
567 3418 602 3484 (v.
613 3416 663 3472 181
678 3416 747 3484 sqq.)
768 3429 863 3469 senium
881 3427 1032 3468 sermonem
1050 3412 1221 3484 interrumpi,
1240 3429 1295 3467 non
1313 3413 1354 3469 ita

214 3504 377 3568 continuari,
395 3508 428 3557 ut
445 3508 603 3571 spectantes
621 3503 691 3557 nihil
714 3502 837 3567 audiant,
863 3501 917 3556 iarn
942 3501 976 3555 R.
996 3501 1140 3567 Mallotes,
1167 3500 1355 3570 Leoprehrias

213 3596 310 3660 postea
328 3606 377 3643 suo
396 3589 454 3643 iure
473 3590 542 3644 satis
561 3591 815 3658 comprobaverunt,
834 3603 886 3642 nec
901 3603 999 3643 vereor
1017 3602 1051 3641 ne
1070 3587 1114 3640 hic
1133 3587 1260 3641 lacunam
1278 3588 1354 3642 illam

212 3697 239 3748 p.
251 3695 276 3733 v.
287 3678 339 3732 189
357 3677 534 3732 manifestam
553 3678 637 3732 etiam
654 3694 727 3731 nunc
745 3675 900 3730 addubitet.
936 3675 1013 3742 Quae
1032 3681 1126 3729 autem
1143 3675 1179 3729 K.
1190 3676 1355 3731 ldWeisias

212 3767 230 3821 l.
249 3782 271 3820 s.
289 3782 311 3820 s.
329 3781 356 3833 p.
374 3763 424 3818 181
445 3770 547 3831 censet,
575 3764 719 3834 Epidicum
738 3764 833 3833 inepte
851 3763 928 3836 prius
947 3765 1036 3833 ,1111ι
1064 3762 1156 3816 dicere
1175 3778 1257 3832 quam
1275 3777 1354 3816 senes

214 3851 395 3921 conspexerit,
415 3867 464 3905 nos
483 3852 594 3920 quidem
612 3851 695 3921 fugit,
716 3867 764 3905 cur
782 3851 871 3905 minus
890 3851 945 3904 iam
964 3855 1048 3904 antea
1065 3849 1210 3905 iuvenibus
1228 3849 1354 3916 suadeat,

213 3945 246 3994 ut
264 3939 376 3994 silentio
396 3953 476 3994 senes
495 3940 605 4009 fallant,
625 3939 698 4007 quod
715 3943 783 3994 tnnc
801 3937 912 4006 quidem
930 3936 1102 4006 potissimum
1121 3939 1172 3990 est.

282 4095 326 4164 12)
346 4096 515 4163 Quemquam
542 4111 603 4150 eum
625 4095 750 4164 Hespero
775 4095 903 4149 Goeteius
934 4094 967 4147 de
991 4110 1017 4149 v.
1036 4093 1087 4149 179
1111 4091 1230 4162 dubitat,
1261 4096 1354 4146 tamen

213 4185 291 4238 illum
309 4182 388 4251 sequi
407 4199 508 4252 anceps
527 4182 564 4237 sit
582 4187 672 4236 totum
682 4197 791 4237 versum
802 4181 939 4235 delentem
953 4195 1002 4250 pro
1018 4179 1112 4249 spurio
1127 4185 1212 4248 atque
1228 4179 1354 4234 lacunam

213 4275 396 4326 statuentem:
420 4271 486 4336 quid
509 4271 581 4326 enim
606 4269 700 4339 aptius
722 4268 770 4324 illo
789 4269 849 4322 loco
867 4267 932 4336 poni
954 4267 1041 4336 possit
1059 4284 1108 4322 nos
1132 4283 1186 4321 non
1208 4266 1302 4322 videre
1321 4267 1353 4320 li·
