3216 5106
787 309 805 368 7

223 532 317 595 quam
341 531 398 578 cur
419 512 584 591 meruerit,
607 512 805 596 Periphanes
821 514 892 596 ipse
907 513 1036 578 domum
1051 513 1217 594 ingressus
1231 511 1364 578 iudicet!

155 627 156 632 ’
222 618 266 683 Et
286 617 415 682 vixdum
436 615 582 699 profecto
604 617 758 699 Epidicus
781 617 975 700 Apoecidem
998 620 1216 682 remanentem
1238 615 1367 680 edocuit

223 720 415 787 Telestidem
440 740 475 786 so
497 721 691 802 repperisse,
724 741 822 805 quum
845 722 899 788 ille
921 721 1026 788 laetus
1048 720 1188 786 recurrit
1210 737 1367 802 servoque

223 825 394 891 insolentia
421 825 596 890 exsultanti
622 844 685 890 non
713 826 817 891 solum
844 823 1029 890 libertatem
1058 824 1158 889 donat
1184 823 1366 906 victumque

223 930 398 1012 promittit,
419 928 476 994 sed
499 929 597 994 etiam
619 929 756 996 iniuriae
780 929 905 996 veniam
928 929 1025 1012 petit:
1049 933 1125 994 tunc
1148 927 1275 994 denium
1298 947 1365 992 ma-

224 1051 285 1098 nus
309 1033 479 1100 solvendas
501 1033 641 1116 porrigit
667 1051 768 1100 novus
791 1033 937 1113 libertus
962 1032 1027 1115 ,qui
1043 1029 1226 1098 libertatem
1243 1030 1367 1098 malitia

223 1137 345 1202 invenit
367 1134 446 1202 sua‘

311 1240 381 1306 Hoc
409 1240 511 1322 igitur
539 1246 765 1324 argumentum
802 1241 850 1306 ita
879 1239 1071 1323 dispositum
1107 1237 1251 1306 homines
1281 1240 1366 1306 docti

228 1349 461 1410 recensuerunt
483 1351 516 1410 et
537 1365 685 1428 magnam
708 1351 833 1429 partem
855 1342 1122 1428 probaveruntn)
1145 1345 1265 1426 optimo
1287 1343 1367 1426 inre,

225 1449 253 1514 si
287 1448 364 1531 quid
396 1449 551 1515 videmus.
609 1449 808 1532 Quamquam
842 1449 926 1514 enim
966 1449 1046 1514 satis
1088 1448 1277 1532 implicitum
1316 1453 1367 1514 est

226 1552 506 1636 spectantiumque
528 1553 626 1618 animi
648 1554 796 1624 nonnisi
820 1572 945 1620 summa
967 1553 1145 1618 attentione
1168 1551 1366 1634 singularum

225 1675 334 1724 rerum
364 1673 478 1722 causas
512 1675 706 1738 pernoscere
741 1663 878 1740 possunt
908 1657 1065 1739 simulque
1094 1657 1269 1740 percipere,
1304 1675 1366 1738 quo

227 1760 320 1828 modo
348 1777 558 1842 unaquaeque
593 1779 704 1826 earum
741 1761 890 1828 universo
932 1760 1100 1843 proposito
1139 1759 1270 1836 serviat,
1303 1779 1365 1842 quo

226 1869 324 1947 poeta
355 1864 511 1946 ingeniosi
545 1863 630 1930 servi
664 1866 819 1931 malitiam
852 1865 999 1932 fallacem
1034 1864 1118 1930 mala
1150 1864 1366 1947 periculorum

227 1968 310 2034 mole
341 1968 460 2050 urgeri,
491 1973 560 2034 tum
589 1967 741 2036 libertate
772 1969 885 2036 donari
916 1969 1028 2051 voluit,
1060 1973 1166 2034 tamen
1198 1969 1304 2036 omnia
1333 1969 1366 2034 id

227 2091 324 2138 unum
347 2078 504 2154 spectant,
528 2078 565 2139 ut
587 2092 701 2140 servus
724 2074 818 2140 berili
841 2072 907 2139 filio
929 2071 1013 2139 fidus
1043 2093 1082 2140 en
1105 2070 1250 2140 omnibus
1273 2073 1366 2138 malis

226 2176 376 2258 superior
398 2177 523 2243 evadat.
561 2178 612 2244 Ita
633 2198 736 2261 neque
751 2179 872 2263 duplici
886 2197 994 2245 amore
1010 2177 1241 2262 Stratippocles
1264 2195 1367 2258 neque

227 2280 365 2346 Telestis
394 2287 558 2364 postremo
587 2283 717 2350 inventa
746 2303 806 2366 per
836 2303 871 2350 se
901 2283 964 2366 ipsi
1000 2282 1213 2365 spectantium
1243 2281 1367 2348 animos

226 2389 338 2449 tenere
353 2385 493 2466 student,
510 2386 596 2467 quod
611 2386 654 2452 K.
673 2387 717 2452 H.
738 2387 879 2452 Weisius
894 2387 1022 2469 quidem
1038 2387 1189 2468 opinatur
1204 2385 1367 2470 triplicem

227 2487 408 2569 argumenti
439 2506 568 2554 causam
601 2490 777 2556 observans
808 2497 841 2558 et
871 2509 968 2557 unum
999 2491 1122 2556 scilieet
1152 2488 1366 2556 adulescentis

227 2609 379 2674 amorem,
407 2610 504 2658 unam
525 2592 652 2676 Epidici
678 2593 833 2674 fraudem,
862 2594 960 2662 filiam
988 2594 1117 2660 omnino
1144 2593 1265 2659 nullam
1292 2612 1366 2659 con·

229 2694 346 2760 cedens
379 2695 456 2778 (vid.
488 2697 559 2778 ,Die
581 2699 779 2764 Komoedien
807 2699 837 2764 d.
860 2699 930 2780 Pl‘,
952 2696 1368 2764 kritiscb....beleucbtet

229 2819 292 2870 von
314 2799 358 2864 K.
383 2799 428 2866 H.
461 2800 572 2883 Weiss,
603 2802 822 2886 Quedlinburg
847 2807 929 2869 1866
960 2823 990 2885 p.
1016 2801 1085 2884 99);
1116 2801 1213 2866 immo
1235 2801 1368 2867 consilia

228 2904 335 2969 oninia
356 2909 453 2986 atque
467 2903 553 2972 iacta
575 2907 616 2972 ad
631 2927 741 2972 naum
762 2908 910 2990 idemque
925 2907 1068 2974 studium
1090 2906 1194 2972 relata
1209 2905 1366 2987 videntur,

228 3026 291 3090 quo
313 3013 410 3090 poeta
424 3027 487 3074 non
509 3015 575 3074 tam
591 3029 696 3079 mores
717 3011 758 3076 ad
775 3012 860 3078 vitae
883 3012 1053 3095 imaginem
1077 3011 1250 3093 depingere
1272 3027 1367 3090 quam

228 3110 413 3194 probandae
443 3118 541 3194 atque
571 3113 733 3180 docendae
764 3115 943 3182 sententiae
973 3115 1143 3182 universae
1173 3131 1270 3178 causa
1298 3131 1367 3178 rem

228 3216 335 3282 media
357 3217 457 3282 evita
479 3218 638 3282 communi
653 3219 788 3300 petitam
812 3217 942 3284 uberius
959 3223 1101 3284 tractare
1122 3215 1239 3295 voluit3
1263 3215 1367 3297 qualis

229 3321 389 3388 sententia
400 3321 433 3388 in
441 3321 525 3386 Enni
537 3321 623 3388 dicto
636 3322 748 3402 ,fortes
759 3322 888 3390 fortuna
899 3323 997 3388 inrat‘
1009 3320 1180 3388 manifesto
1192 3321 1366 3405 apparett)

228 3424 420 3490 Perdilficilo
437 3444 513 3492 sane
536 3431 587 3492 est
601 3434 743 3494 tenorem
766 3447 874 3494 rerum
891 3428 982 3510 sequi
1005 3427 1196 3508 saepiusque
1212 3424 1276 3506 legi
1298 3426 1368 3492 vult

229 3526 346 3608 fabula,
370 3533 407 3593 ut
420 3531 549 3610 penitus
566 3531 791 3614 intellegatur:
816 3532 874 3598 sed
888 3532 1018 3598 minime
1033 3531 1115 3596 banc
1131 3528 1171 3596 ob
1187 3547 1256 3595 rem
1271 3536 1367 3612 poeta

228 3632 440 3714 vituperetur.
496 3633 757 3718 Quotusquisque
791 3642 850 3716 est,
889 3636 940 3701 cui
977 3635 1088 3718 lingua
1119 3634 1235 3700 Latina
1266 3653 1368 3716 eaque

228 3737 336 3820 prisca
365 3738 421 3803 illa
443 3738 584 3805 Plautini
614 3741 769 3824 temporis
799 3741 882 3807 adeo
911 3741 944 3806 in
974 3759 1085 3808 sucum
1116 3747 1149 3804 et
1179 3740 1366 3822 sanguinem

229 3843 404 3924 transierit,
436 3850 473 3910 ut
494 3843 670 3927 quamlibet
692 3844 832 3912 fabulam
856 3846 926 3912 sine
947 3844 1161 3910 haesitatione
1184 3850 1274 3910 tanta
1297 3833 1367 3910 cum

228 3949 394 4031 voluptate
424 3949 533 4032 legere
562 3951 675 4032 possit,
706 3956 826 4034 quanta
856 3956 983 4018 veteres
1005 3950 1140 4018 Romani
1170 3969 1241 4016 eam
1263 3950 1296 4014 in
1319 3951 1368 4016 lu·

229 4054 342 4120 dorum
358 4055 558 4120 iucunditate
573 4055 666 4138 quasi
681 4055 785 4122 vivam
802 4056 992 4138 spectabant
1007 4060 1041 4122 et
1056 4054 1157 4120 oculis
1173 4054 1368 4136 auribusque

229 4157 470 4240 percipiebant?
504 4159 576 4247 Non
592 4161 774 4227 dubitamus
790 4160 907 4240 hercle,
930 4161 1006 4243 quin
1022 4177 1133 4226 omnes
1155 4159 1228 4225 illae
1243 4159 1369 4242 lepidae

230 4261 375 4342 fabellae,
400 4281 478 4346 quas
501 4266 697 4332 recentiores
720 4265 849 4349 quidam
872 4264 976 4332 critici
998 4270 1048 4330 tot
1071 4264 1207 4332 saeculis
1226 4263 1267 4330 ad
1289 4264 1369 4330 alias
