3216 5106
869 315 910 378 50

318 513 435 587 fabulis
451 524 532 599 orta,
557 523 594 586 ut
608 519 865 586 reflorescentem
880 521 950 587 Vll.
977 523 1095 588 saeculi
1118 541 1146 588 a.
1163 543 1193 587 u.
1212 542 1238 588 c.
1264 522 1462 590 comoediam

319 625 454 707 redolet,
488 625 534 690 ita
566 624 661 690 onius
691 624 871 707 pluriumve
901 630 1152 692 retractatomm
1183 627 1333 693 consulto
1364 627 1461 692 inter-

319 730 496 812 polantium
527 729 733 795 sedulitatem
764 729 851 794 nullo
881 731 976 795 modo
1007 732 1143 814 evincat,
1177 730 1215 798 cf.
1246 731 1381 814 Ussing.
1414 731 1460 795 ed.

319 833 412 915 Epid.
443 853 475 916 p.
493 838 556 898 244
577 852 644 916 sqq.
696 833 844 898 Ceterum
872 832 920 897 M.
932 833 1161 919 Nicmcpera'us
1183 837 1366 919 generatim
1402 835 1462 900 huc

319 937 515 1019 pertinentia
537 938 717 1004 rectissime
745 937 868 1002 monuit
895 937 1156 1022 dignissimoque,
1187 959 1269 1022 quae
1292 939 1327 1004 in
1350 945 1461 1021 pectus

320 1042 542 1124 demittantur,
577 1041 641 1108 vid.
665 1041 746 1106 Phil.
770 1040 1030 1108 Wochenschriit
1062 1043 1112 1109 ed.
1153 1043 1200 1108 W.
1234 1041 1462 1126 Hirschfelder

319 1146 424 1212 Berol.
453 1152 532 1212 1881
556 1165 587 1228 p.
604 1151 655 1211 41.
682 1183 721 1192 -
745 1146 889 1210 Remotis
912 1146 1013 1229 igitur
1036 1147 1091 1226 eiS,
1116 1167 1199 1230 quae
1220 1147 1262 1212 lt.
1280 1147 1459 1228 Militares,

323 1249 356 1314 Ο.
374 1249 415 1315 F.
437 1249 664 1332 WMrillcracs,
687 1248 891 1334 Lamponius,
914 1249 1100 1334 Usse'rrqc'em,
1124 1251 1309 1336 Hesperus,
1334 1251 1389 1318 alii
1413 1251 1461 1316 hic

318 1354 383 1420 illic
404 1359 619 1434 tentaverunt,
643 1354 671 1419 si
694 1352 872 1441 οἰκονομίαν,
906 1360 943 1420 ut
964 1356 1011 1421 ita
1034 1356 1146 1438 dicam,
1179 1361 1375 1439 spectamur,
1399 1373 1460 1420 uon

319 1465 379 1539 est,
396 1459 663 1526 constrictiorem
679 1457 915 1538 desideremus;
940 1460 1101 1526 artissime
1114 1461 1197 1526 enirn
1211 1479 1322 1527 omnes
1335 1459 1460 1526 fabulae
1570 1501 1571 1512 ο

318 1568 429 1645 partes
451 1565 537 1630 inter
559 1583 593 1630 se
616 1563 790 1629 cohaerent
813 1563 1006 1646 eaedemque
1035 1565 1082 1630 ita
1108 1565 1193 1631 inter
1225 1583 1261 1630 se
1285 1565 1460 1646 dispositae

319 1673 405 1748 sunt,
439 1674 477 1736 ut
501 1667 587 1734 haud
623 1666 752 1733 difficile
788 1667 832 1733 sit
865 1687 1068 1752 cognoscere,
1104 1675 1201 1752 quoto
1235 1689 1335 1735 versu
1367 1672 1460 1750 poeta

319 1773 463 1856 singulos
485 1779 576 1839 actus
598 1771 793 1856 universes)
838 1773 918 1838 Item
946 1774 1050 1855 ipsam
1072 1773 1208 1838 Plautus
1236 1774 1284 1839 ita
1308 1773 1458 1852 instituit,

318 1882 355 1942 ut
368 1877 493 1960 Epidici
515 1877 607 1960 prior
628 1875 717 1942 fraus
737 1878 841 1959 primo
865 1881 939 1941 actu
961 1881 998 1942 ut
1012 1877 1140 1958 integra
1161 1875 1334 1955 referatur,
1359 1877 1459 1942 altera

319 1983 458 2049 secundo
487 1982 648 2065 tertioque
676 1981 883 2046 festivissime
910 1981 1061 2045 instituta
1088 1982 1277 2064 insequente
1304 1981 1458 2064 temporis

319 2087 488 2154 intervallo
504 2091 661 2170 patretur,
686 2086 801 2151 deinde
816 2090 953 2167 utraque
973 2085 1059 2150 servi
1075 2083 1203 2150 fallacia
1217 2085 1330 2168 iniquo
1354 2103 1458 2151 rerum

319 2210 475 2259 concursu
504 2195 619 2275 quarto
654 2189 795 2272 patefiat,
831 2189 969 2271 denique
1001 2190 1107 2255 omnia
1142 2189 1289 2272 pericula
1325 2190 1457 2254 scelesto

318 2297 415 2379 capiti
438 2295 637 2361 imminentia
663 2294 821 2375 singulari
849 2295 987 2376 quodam
1022 2293 1171 2360 fortunae
1205 2293 1319 2360 farore
1349 2294 1457 2377 quinto

317 2401 537 2485 profligentur.
584 2398 855 2478 Quemadmodum
887 2403 995 2464 autem
1021 2417 1230 2482 unaquaeque
1264 2417 1362 2465 scene
1388 2396 1457 2462 huic

318 2506 477 2574 dilucidae
500 2504 688 2587 disponendi
711 2503 829 2568 rationi
853 2504 1029 2584 conveniat,
1054 2510 1087 2568 et
1109 2504 1238 2586 longum
1254 2508 1308 2568 est
1331 2503 1456 2568 demon-

318 2616 424 2677 strare
446 2615 480 2676 et
502 2627 783 2692 supervacaneum,
815 2607 890 2689 quia
918 2608 996 2673 nihil
1024 2613 1152 2690 poetam
1180 2608 1248 2672 sine
1271 2612 1363 2673 certo
1386 2624 1455 2671 con-

319 2715 391 2781 silio
414 2715 560 2780 molitum
591 2731 663 2778 esse
693 2711 755 2778 sibi
784 2712 992 2793 persuaserit,
1029 2712 1084 2794 qui
1115 2712 1184 2776 sine
1207 2712 1256 2776 ira
1288 2717 1323 2778 et
1352 2708 1455 2776 studio

317 2818 458 2885 fabulam
488 2818 673 2902 perlegerit.
725 2816 816 2882 Idem
847 2814 915 2882 iere
947 2816 987 2881 de
1012 2799 1176 2900 personis
1197 2815 1368 2881 dicendum
1399 2817 1455 2891 est,

317 2925 433 3007 quibus
456 2923 586 2989 eaedem
608 2921 747 2987 virtutes
768 2939 871 3003 neque
893 2921 1031 2985 maiores
1054 2921 1197 2986 maculae
1220 2921 1341 3002 insunt,
1365 2935 1455 3001 quam

318 3047 397 3111 quas
420 3025 578 3092 Plautinis
601 3025 773 3091 comoediis
796 3043 978 3090 communes
1007 3043 1079 3090 esse
1107 3023 1147 3088 G.
1172 3023 1213 3088 A.
1239 3023 1402 3088 Becheras
1425 3019 1455 3082 in

318 3135 441 3214 quaest.
466 3131 506 3198 de
521 3130 630 3197 eomic.
645 3131 734 3197 Rom.
750 3126 848 3194 iabul.
872 3133 966 3210 parte
981 3129 1085 3194 altera
1108 3128 1301 3211 (,Vindiciae
1318 3121 1454 3193 comoed.

317 3235 423 3318 Rom.)
456 3240 544 3302 recte
577 3234 709 3311 monuit,
744 3233 798 3298 ubi
827 3250 924 3314 quum
947 3231 1139 3298 offensiones
1172 3233 1205 3296 in
1238 3232 1300 3296 hac
1334 3243 1455 3313 qnoque

317 3339 427 3406 fabulo
459 3339 631 3406 admodum
652 3339 798 3404 valentes
832 3336 872 3402 de
905 3337 1078 3419 querulosa
1111 3336 1308 3419 epheborum
1342 3331 1455 3398 inertia

318 3463 492 3527 senumque
515 3444 633 3510 stolida
660 3442 852 3509 credulitate
878 3439 1096 3524 proferuntur,
1127 3447 1194 3506 tum
1217 3439 1343 3521 Epidici
1372 3433 1454 3502 servi

317 3549 388 3614 laus
415 3548 544 3631 egregie
573 3545 834 3634 praedicatores)
867 3545 1034 3628 imprimis,
1066 3546 1094 3610 si
1123 3546 1199 3627 quid
1229 3543 1384 3622 videmus,
1415 3536 1453 3602 ob

317 3651 466 3718 festivam
482 3653 551 3719 eius
567 3651 769 3718 dicacitatem
785 3658 881 3734 atque
895 3649 1085 3718 facetiarum
1099 3648 1323 3731 frequentiam,
1341 3641 1454 3728 quibus

317 3776 357 3822 nc
387 3757 420 3821 in
451 3775 573 3822 summo
605 3756 735 3839 quidem
765 3755 950 3821 discrimine
987 3773 1095 3819 rerum
1132 3752 1348 3835 deserimus)
1394 3745 1453 3813 Sed

317 3879 419 3944 aeque
444 3860 503 3926 hac
530 3861 563 3925 in
589 3879 625 3927 re
653 3866 749 3944 atque
776 3861 809 3924 in
839 3858 1002 3923 ecrrnorre's
1029 3859 1132 3922 colore
1159 3857 1331 3940 vigoreque
1359 3849 1453 3920 aesti-
1568 3849 1569 3876 ³

317 3964 432 4030 mando
459 3965 492 4029 in
518 3965 613 4030 laude
640 3963 900 4030 doctissimorum
930 3963 1073 4028 virorum
1095 3962 1158 4027 erit
1181 3957 1452 4043 acquiescendum,

317 4068 573 4151 quandoquidem
592 4068 671 4134 haec
685 4068 935 4151 uniuscuiusque
950 4066 1065 4130 sensae·
1086 4071 1154 4130 tam
1168 4065 1261 4130 unice
1284 4067 1360 4130 sunt
1382 4057 1453 4125 sub·
1568 4125 1569 4160 ,

317 4175 409 4253 iecta,
433 4177 470 4237 ut
491 4179 761 4258 argumentorum
783 4179 955 4254 momenta,
980 4169 1130 4253 qualibus
1146 4169 1249 4234 adhuc
1265 4164 1452 4235 sententiaro
1568 4161 1569 4192 l

318 4277 402 4343 tueri
426 4276 642 4362 studebamus,
666 4277 775 4346 afferri
797 4297 861 4343 non
883 4277 1019 4359 possint.
1051 4274 1086 4340 Si
1102 4273 1283 4356 displaceat,
1306 4272 1369 4337 alio
1385 4268 1451 4332 loco
1568 4309 1569 4364 j
