3216 5106
739 252 776 314 41

191 457 367 540 contingat,
383 461 420 523 nt
434 453 633 538 probabilem
649 458 827 542 Plautoque
843 457 972 540 dignam
989 457 1243 524 emendationem
1258 477 1332 540 pro-

191 560 284 640 ferat,
320 580 378 626 our
405 567 482 626 tono
512 566 758 628 retractatorem
791 564 979 644 dividemur,
1014 562 1068 627 ubi
1100 562 1332 628 sententiarum

193 665 274 732 ordo
297 665 369 748 ipse
391 683 487 731 sanus
511 667 584 730 est?

278 770 314 834 ln
348 767 505 849 versibus,
541 769 595 852 qui
629 773 815 853 sequuntur,
851 790 903 836 res
936 771 1036 835 multo
1071 769 1241 835 dilucidior
1271 775 1330 835 est.

191 874 229 939 V.
248 878 309 938 353
341 875 410 938 sine
442 871 539 940 dubio
570 879 619 940 est
649 876 808 957 glossema
831 895 848 941 e
871 894 899 940 r.
919 879 979 940 367
1004 879 1036 939 et
1059 877 1122 939 368
1153 879 1330 939 consutum.

196 978 276 1043 Post
303 997 331 1043 v.
349 979 411 1043 355
442 977 484 1042 R.
510 977 678 1043 Mdlleras
708 979 727 1044 l.
746 998 770 1044 s.
789 997 813 1044 s.
845 983 912 1060 pd
943 980 1090 1044 lacunam
1119 976 1334 1070 probabiliter

192 1081 323 1162 statuit3
354 1101 429 1147 nam
458 1082 529 1146 aaa
556 1101 616 1148 vox
644 1103 672 1148 v.
691 1087 752 1148 356
784 1101 847 1165 quo
875 1085 1000 1165 spectet
1029 1099 1093 1147 non
1122 1081 1331 1165 intellegitur.

193 1186 392 1268 Quamquam
415 1186 562 1268 equidem
577 1191 614 1254 ut
628 1192 738 1270 putem
753 1187 898 1253 lacunam
915 1191 982 1252 tam
998 1185 1136 1268 amplam
1151 1203 1222 1258 esse
1237 1205 1332 1268 quam

193 1291 263 1356 vult
286 1289 452 1354 Mulieres
476 1291 616 1356 animum
639 1311 701 1357 non
724 1310 855 1374 possum
878 1291 1039 1356 inducere.
1085 1289 1262 1356 Teneamus
1285 1289 1300 1355 f
1319 1325 1332 1338 -

192 1393 300 1460 balam
322 1413 385 1458 non
410 1394 647 1478 Stratippoclis,
675 1396 733 1460 sed
756 1395 968 1478 spectantium
998 1413 1094 1460 cansa
1116 1413 1188 1460 esse
1210 1393 1330 1460 fictam:

193 1517 288 1580 quam
309 1517 497 1580 perversum
520 1499 627 1564 hercle
651 1506 737 1565 esset
764 1505 860 1582 atque
883 1498 982 1564 taedii
1005 1498 1143 1580 plenum,
1167 1499 1195 1563 si
1219 1517 1331 1564 servus

194 1603 391 1668 adulescenti
421 1603 573 1670 hocloco
607 1604 716 1669 multis
747 1604 854 1670 verbis
885 1608 1063 1681 enarraret,
1086 1620 1168 1684 quae
1198 1601 1261 1666 iam
1292 1601 1332 1668 ab

193 1727 221 1772 r.
243 1713 303 1773 190
325 1707 400 1772 inde
422 1727 481 1790 per
503 1713 607 1774 totum
635 1708 771 1774 alterum
800 1713 906 1772 actum
929 1706 1102 1789 Periphani
1130 1705 1252 1770 diserte
1279 1723 1332 1769 ex-

194 1811 317 1894 posuitl
365 1811 553 1893 Spectantes
577 1813 660 1878 enim
684 1829 782 1894 quum
810 1812 858 1876 ita
879 1829 987 1876 rerum
1010 1815 1204 1890 contextum,
1228 1807 1333 1891 quoad

193 1934 247 1981 res
277 1915 429 1998 postulat,
462 1917 694 1998 perspexerint,
724 1916 881 1982 hocloco
908 1915 1062 1998 Epidicus
1093 1913 1172 1980 satis
1202 1910 1334 1978 habebit

195 2019 441 2100 Stratippoclem
462 2039 501 2086 ea
516 2020 641 2102 docere,
664 2039 746 2104 quae
769 2021 852 2086 sciat
873 2021 984 2102 utique
1006 2037 1136 2084 necesse
1158 2021 1218 2096 est,
1241 2035 1333 2098 prae-

195 2123 305 2188 sertim
329 2123 457 2190 obeam
480 2145 605 2208 quoque
628 2145 706 2208 rem,
729 2126 815 2208 quod
829 2124 1018 2190 adulescens
1042 2140 1166 2188 omnem
1189 2121 1334 2202 spemin

195 2245 287 2294 servo
310 2229 401 2310 ponit
431 2230 564 2315 eiusque
585 2231 714 2313 ingenio
746 2231 881 2296 salutem
914 2246 1005 2294 snam
1028 2227 1123 2310 plane
1146 2225 1332 2291 committit:

194 2333 361 2413 pecuniam
385 2352 461 2416 ergo
484 2339 631 2416 paratam
654 2354 725 2408 esse
747 2335 799 2400 hic
822 2334 917 2416 dicet,
941 2337 1067 2415 patrem
1089 2330 1207 2396 iterum
1230 2329 1334 2412 decipi

199 2435 283 2516 dolo,
309 2435 349 2501 ab
373 2439 535 2520 Apoecide
562 2439 707 2521 quamvis
737 2443 868 2504 cantore
898 2438 974 2503 dato
1004 2455 1067 2502 non
1097 2435 1233 2500 multam
1264 2451 1336 2498 esse

199 2541 384 2607 timendum.
421 2544 526 2625 Atque
548 2543 627 2608 haec
654 2547 824 2626 postquam
848 2541 990 2608 breviter
1013 2537 1224 2619 adumbravit,
1249 2537 1334 2619 qdod

195 2643 228 2710 in
251 2646 367 2712 ceteris
391 2647 430 2713 ab
447 2667 476 2714 v.
494 2651 556 2714 363
580 2647 766 2730 diligentior
789 2651 848 2726 cst,
872 2664 935 2711 non
959 2645 1054 2710 aliam
1077 2643 1170 2708 video
1194 2659 1333 2722 causam,

195 2769 290 2832 quam
305 2752 391 2833 quod
406 2752 457 2818 liic
473 2758 655 2836 spectantes
672 2772 797 2836 quoque
818 2756 893 2816 sunt
908 2746 1070 2829 edocendi,
1087 2765 1224 2830 quonam
1239 2745 1334 2809 modo

197 2873 309 2921 servus
331 2858 485 2922 astutiam
508 2863 604 2922 antea
627 2859 669 2943 (v.
688 2858 764 2940 314)
789 2855 971 2922 summatim
994 2857 1157 2935 gustatam
1180 2850 1220 2916 ad
1244 2848 1335 2914 effec-

197 2963 264 3024 tum
286 2961 500 3042 perducturus
524 2961 576 3026 sit.

283 3081 427 3148 Sufficiet
449 3083 549 3165 igitur
564 3084 710 3149 lacrmam
726 3081 861 3163 exempli
884 3079 990 3162 gratia
1004 3079 1065 3144 hoc
1080 3077 1174 3143 modo
1192 3076 1334 3158 explere:

436 3223 517 3288 Nam
540 3225 586 3290 ita
609 3224 697 3289 suasi
720 3221 789 3287 seni
812 3226 908 3303 atque
931 3220 1013 3286 hanc
1036 3217 1133 3284 habui
1156 3214 1335 3282 oratidnem

196 3325 254 3409 [Ut
275 3325 438 3392 fidicinam
462 3327 557 3394 aliam
579 3327 769 3412 praestimat,
792 3345 888 3408 quam
911 3323 1047 3390 multum
1070 3319 1260 3406 deperires]

196 3431 249 3514 Ut,
274 3431 370 3514 quom
392 3431 542 3512 redisses,
567 3433 606 3497 nd
630 3431 690 3496 tibi
713 3433 781 3497 eius
806 3430 897 3514 cdpia
920 3433 1015 3494 esset.

282 3587 479 3668 Depravatio
503 3607 579 3671 ergo
602 3586 758 3652 librorum
781 3587 833 3651 hic
856 3582 1026 3649 manifesto
1050 3585 1193 3664 apparet,
1222 3580 1262 3645 de
1286 3599 1336 3644 re·

98 3675 100 3680 ¹
196 3689 390 3757 tractatione
411 3697 497 3758 certe
520 3713 583 3759 non
607 3697 656 3758 est
679 3687 893 3774 cogitandum.
928 3688 1040 3769 Neque
1063 3687 1180 3752 desunt
1203 3683 1336 3749 mendae

196 3795 227 3860 in
266 3797 414 3862 versibus
452 3797 616 3880 proximis,
663 3795 725 3861 etsi
762 3795 947 3860 lacunarum
990 3791 1128 3873 vestigia
1164 3788 1337 3872 Hesperos

196 3899 400 3983 Baianosque
423 3899 517 3966 nobis
540 3895 603 3967 non
626 3900 853 3984 probaverunt.
900 3895 1061 3979 imprimis
1084 3915 1121 3958 cc
1142 3913 1204 3959 vox
1226 3913 1255 3958 v.
1273 3897 1334 3958 357

196 4025 233 4070 co
258 4005 396 4088 quidem,
421 4025 483 4087 quo
507 4024 590 4070 nunc
620 4011 680 4086 est,
709 4005 778 4070 loco
801 4005 855 4069 vix
876 4008 985 4086 potest
1014 3999 1155 4066 tolerari.
1203 3997 1285 4062 Nam
1308 3997 1334 4062 si

196 4129 309 4177 servus
332 4131 360 4177 v.
379 4117 440 4176 352
464 4095 605 4194 priorem
628 4109 773 4175 lraudem
803 4108 912 4189 tetigit
935 4107 1109 4188 statimque
1138 4103 1178 4168 ad
1202 4102 1336 4166 alteram

197 4217 337 4298 transiit,
362 4234 424 4298 quo
441 4215 534 4281 modo
554 4219 664 4298 potest
681 4213 829 4298 priorem
844 4210 1003 4278 fidicinam
1019 4226 1132 4276 rursus
1149 4222 1336 4273 commemo-
