3216 5106
714 292 755 353 49

184 517 214 578 p.
232 500 272 562 23
297 500 330 561 ot
356 493 388 558 O.
400 493 498 558 RW.
513 493 698 560 Malloeam
720 496 823 563 Plaut.
840 497 930 562 Pros.
953 517 984 580 p.
1002 499 1066 562 270
1082 516 1160 581 sqq,
1185 517 1319 581 quorum

184 601 238 666 1110
261 599 422 667 emendat:

270 703 446 770 Duodecim
469 703 501 768 di
523 703 659 786 plusque
682 724 776 788 quam
799 705 832 770 in
849 705 936 770 caelo
953 704 1066 770 adeost
1082 706 1322 794 immortalium,
1425 737 1427 741 ’

183 809 236 874 hic
252 807 433 872 Duodecim
454 807 491 871 da'
512 813 543 872 et
558 809 640 892 plus
663 814 722 874 010.
748 809 941 892 suspicatur,
965 809 1027 874 nisi
1050 808 1134 878 forte
1156 813 1253 880 duod.
1271 816 1324 880 dco'

185 914 279 980 altori
302 913 409 978 versui
432 911 637 978 tribuendum
660 914 713 995 sit,
736 913 770 977 in
792 914 902 995 priore
929 919 1036 984 autem
1059 915 1178 982 Plures
1208 919 1245 982 da‘
1266 927 1323 986 aut

185 1017 300 1082 Nimio
328 1018 410 1101 plus
442 1037 543 1100 qaam
576 1017 775 1102 [quantana]
803 1015 1077 1099 substituendum3
1112 1040 1185 1088 nam
1212 1024 1323 1108 inepta

184 1139 255 1186 esse
278 1123 333 1187 illa
354 1121 467 1188 verba:
491 1121 592 1186 Zudll
611 1121 702 1186 mehr
725 1122 772 1186 111
788 1120 1009 1188 nnsterbliche
1024 1123 1140 1190 Gdttor
1164 1127 1208 1191 im
1233 1128 1323 1193 Him-

185 1227 247 1292 mel
270 1226 383 1292 stehen
399 1227 461 1292 mir
482 1225 544 1292 bei.
579 1225 647 1290 Nos
670 1244 746 1290 vero
771 1245 900 1291 causam
923 1246 986 1291 non
1001 1229 1156 1311 videmus
1180 1250 1237 1297 cur
1252 1252 1324 1298 vcr-

185 1351 256 1396 sum
285 1351 350 1396 non
375 1332 471 1396 liceat
499 1331 545 1396 111
574 1330 796 1412 interpretari:
831 1329 912 1412 ,Una
949 1332 1057 1414 awdlf
1086 1333 1194 1398 Gotter
1232 1337 1325 1400 melre

184 1438 235 1500 011
248 1435 465 1500 amlerble'clre
485 1433 595 1498 aanor
617 1440 676 1500 etc.
700 1435 720 1498 i.
738 1453 764 1499 e.
782 1434 929 1500 nochmal
952 1435 1051 1500 soviel
1067 1436 1191 1518 Gotter,
1217 1440 1323 1506 elsim

184 1542 322 1606 Hirnmel
345 1540 426 1626 sind,
450 1539 562 1604 stehen
578 1539 639 1604 mir
655 1537 726 1618 bei‘,
751 1544 788 1604 ut
803 1539 903 1620 igitur
918 1557 1031 1604 servus
1047 1541 1125 1606 haec
1140 1541 1209 1608 fere
1224 1544 1322 1610 dicat:

184 1645 359 1711 Duodecim
382 1644 435 1709 dei
458 1643 624 1726 Olympici,
648 1662 727 1725 quos
750 1644 846 1724 vulgo
869 1649 1072 1724 venerantur,
1105 1666 1155 1711 me
1183 1667 1245 1714 non
1268 1669 1324 1732 po-

185 1755 316 1816 tuerunt
343 1768 486 1828 servare;
518 1748 575 1812 sed
604 1748 699 1814 alteri
726 1748 903 1826 duodecim,
937 1749 1110 1828 ,nochmals
1133 1752 1185 1818 cin
1207 1771 1325 1834 ganzer

185 1855 343 1936 llimmel‘,
367 1873 438 1919 curn
455 1853 553 1919 01110
576 1852 817 1931 coniunxerunt,
842 1858 878 1917 ut
901 1871 951 1917 mo
967 1853 1130 1920 iuvarent!
1154 1857 1223 1936 Quo
1247 1858 1324 1940 quid

185 1957 332 2024 festivius
361 1959 424 2024 dici
446 1957 560 2040 possit,
583 1974 647 2021 non
668 1957 775 2024 inveni
806 1955 858 2040 (cl.
883 1956 1015 2039 insuper
1037 1978 1066 2024 v.
1085 1964 1147 2024 610
1164 1961 1257 2044 sqq).
1283 1999 1324 2008 -

600 2203 911 2210 ——-——-

270 2377 340 2458 Hoc
363 2411 439 2473 ergo
461 2391 555 2456 modo
578 2391 779 2456 incommoda
801 2392 834 2456 in
857 2391 992 2474 singulis
1007 2391 1132 2474 Epidioi
1154 2393 1233 2460 locis
1256 2395 1325 2478 qui-

184 2497 321 2570 busdam
342 2497 412 2562 visa
427 2495 608 2560 accuratius
631 2495 847 2577 ponderantes
871 2515 995 2562 omnem
1018 2502 1051 2562 et
1066 2497 1324 2579 interpolationis

186 2608 219 2668 01
234 2601 474 2666 retractationis
498 2600 712 2682 suspicionem
734 2599 774 2664 ab
791 2599 917 2666 fabulae
940 2599 993 2666 filo
1009 2601 1103 2684 longe
1127 2603 1239 2668 abesse
1261 2605 1324 2668 iam

185 2707 275 2788 satis,
306 2713 343 2770 ut
373 2706 551 2787 opinamur,
583 2703 754 2784 effecimus,
787 2724 846 2770 noc
873 2705 1003 2770 dubium
1034 2704 1127 2771 nobis
1157 2711 1217 2786 est,
1249 2709 1324 2790 quin

191 2809 345 2874 Goetsa‘as
378 2811 508 2891 praeter
535 2810 636 2892 ipsius
666 2811 936 2892 exspectationem
963 2810 1141 2892 Epidicum,
1171 2811 1256 2894 quod
1283 2813 1326 2876 od

184 2919 417 2999 orpamenlana
439 2914 567 2996 quidem
590 2915 716 2996 attinet,
740 2935 802 2980 non
830 2915 956 2996 qualern
979 2920 1174 2982 retractator
1197 2916 1347 2996 septimi

185 3019 305 3084 saeculi
334 3037 362 3082 a.
380 3037 410 3081 u.
429 3035 454 3081 0.
486 3015 579 3082 nobis
610 3018 787 3100 reliquerit,
831 3019 888 3082 sed
926 3018 1052 3099 qualem
1083 3019 1217 3084 Plautus
1256 3039 1325 3084 eam

184 3122 371 3205 composuit,
400 3121 600 3186 recensuerit
627 3120 678 3205 (cl.
703 3121 795 3203 Epid.
828 3120 927 3202 prael.
952 3141 982 3203 p.
1006 3122 1110 3204 XXI),
1139 3122 1227 3187 aliud
1248 3142 1324 3187 vero

183 3226 390 3304 recensionis,
425 3244 519 3308 quam
546 3229 671 3306 vocant,
703 3225 894 3307 posterioris
922 3230 955 3290 01
982 3225 1197 3308 interpolandi
1224 3245 1325 3308 genus

185 3331 227 3396 ad
256 3331 438 3396 continuam
475 3330 621 3396 codicum
653 3329 901 3410 discrepantiam
927 3327 1131 3396 referendum
1159 3335 1256 3412 atque
1283 3329 1324 3394 ab

186 3434 250 3498 illis
272 3433 557 3500 retractationibus
581 3435 675 3515 longo
698 3433 861 3498 diversum
884 3432 935 3516 (ol.
954 3434 1093 3519 llosper.
1120 3435 1140 3500 l.
1155 3454 1180 3500 s.
1193 3454 1222 3500 1..
1235 3454 1265 3516 p.
1280 3439 1324 3516 8),

186 3538 271 3620 quod
293 3539 326 3604 in
349 3537 495 3604 omnibus
510 3538 670 3602 Plautinis
692 3536 811 3602 fabulis
833 3538 905 3619 plus
926 3539 1072 3604 minusve
1095 3544 1231 3622 apparet
1253 3557 1325 3604 cum

185 3643 317 3724 lacunis,
342 3642 555 3724 glossematis,
587 3642 734 3707 versibus
758 3643 1015 3724 transponendis,
1047 3643 1215 3708 versiculis
1237 3661 1325 3708 men-

184 3738 320 3830 decisa)
345 3746 540 3828 insulsisque
563 3746 703 3828 sparsim
725 3745 860 3811 intrusis
891 3752 948 3812 aut
977 3748 1107 3813 aliunde
1130 3748 1242 3829 petitis
1271 3746 1323 3830 (cf.

185 3871 233 3916 ex.
258 3871 305 3933 gr.
335 3870 364 3916 v.
385 3855 564 3931 109-111,
599 3850 639 3916 de
667 3848 782 3932 quibus
810 3849 916 3934 Hesp.
950 3871 981 3934 p.
1003 3857 1055 3932 153
1096 3852 1205 3916 (loeta.
1233 3851 1324 3916 Auel.

183 3975 213 4036 p.
231 3960 293 4019 235
311 3972 378 4035 sqq.
404 3954 699 4037 ,Dittographien‘),
724 3955 830 4038 quoad
846 3955 950 4020 adhuc
972 3961 1155 4038 respectum
1177 3975 1241 4020 non
1265 3961 1324 4034 est,

183 4057 506 4138 praetermittendum
529 4077 600 4124 osse
623 4063 782 4139 putamus,
807 4059 1064 4141 qnandoquidem
1086 4078 1170 4125 nunc
1193 4059 1233 4124 de
1256 4059 1326 4124 uni-

183 4160 270 4224 versi
293 4162 473 4240 argumenti
501 4161 740 4244 probabilitate,
771 4181 834 4228 non
866 4162 905 4227 de
935 4161 1091 4230 librorum
1122 4165 1173 4230 vel
1204 4164 1328 4244 aliquot

184 4283 335 4330 versuum
358 4263 421 4330 fide
437 4271 611 4346 quaeratur
634 4269 824 4334 0111110111
847 4267 903 4333 illa
929 4267 1047 4333 iterum
1073 4267 1224 4335 videlicet
1246 4268 1327 4332 actis

1222 4407 1235 4446 4
