3216 5106
820 257 861 318 26

270 460 510 526 retractationis
533 465 635 526 testes
657 480 729 528 esse
755 462 903 544 affirmat,
926 464 989 529 iam
1012 481 1111 544 supra
1132 483 1161 544 p.
1181 468 1200 527 8
1217 482 1284 545 sqq.
1308 483 1410 545 pauca

270 569 363 628 erant
378 563 521 645 dicenda,
545 583 641 646 quum
661 566 907 649 discrepantiam
930 567 1026 644 illam,
1050 585 1113 648 qua
1134 567 1247 631 militis
1269 568 1409 648 patriam

271 668 365 733 modo
380 666 544 733 Euboeam
566 669 660 735 modo
683 670 831 735 Rhodum
854 689 925 736 esse
940 670 1097 749 audimus,
1121 671 1293 752 explanare
1316 689 1409 735 cona-

270 771 392 850 bamur,
416 790 518 853 neque
530 778 610 853 erat,
631 792 688 838 cur
699 775 891 840 alterutrum
905 776 1008 840 locum
1025 773 1211 855 diligentius
1227 775 1409 855 explorare-

270 894 350 955 mus,
374 875 449 956 quia
465 877 566 942 malae
583 879 862 944 contaminationis
879 879 1017 961 speciem
1033 879 1112 943 satis
1127 878 1302 944 removisse
1316 877 1409 944 nobis

271 977 466 1044 videbamur.
506 979 597 1044 Nunc
619 999 695 1046 vero
718 981 759 1046 ad
782 981 923 1063 priorem
945 1001 973 1047 v.
993 987 1049 1046 153
1073 1000 1144 1046 cum
1166 981 1409 1063 insequentibus

269 1083 498 1148 recurrendum
521 1075 579 1162 est,
608 1102 687 1166 quos
710 1086 973 1151 retractationem
995 1085 1138 1168 resipere
1160 1083 1315 1149 Goetaius
1338 1087 1407 1151 vult

270 1186 378 1252 dicens
409 1188 492 1271 (Act.
517 1205 580 1252 soc.
604 1187 680 1269 phil.
704 1189 790 1270 Lips.
806 1189 852 1254 VI
874 1209 904 1271 p.
921 1193 982 1254 287
1002 1188 1084 1271 sqq.)
1115 1189 1231 1253 mirum
1259 1208 1343 1269 esse,
1381 1189 1408 1255 si

271 1291 503 1373 Stratippocles
537 1292 576 1356 de
606 1293 841 1375 Acropolistide
876 1297 1016 1372 statuat,
1052 1310 1133 1374 quae
1163 1292 1196 1356 in
1218 1292 1408 1374 Periphauis

270 1393 391 1459 ditione
414 1413 546 1460 versans
570 1395 611 1460 ab
645 1415 682 1462 eo
712 1416 771 1479 pro
803 1397 868 1461 filia
895 1395 1069 1460 habeatur:
1114 1395 1147 1460 id
1170 1400 1258 1460 certo
1280 1402 1409 1478 poetam

271 1497 452 1579 significare
482 1500 644 1581 debuisse,
683 1501 841 1584 quomodo
872 1507 966 1583 pater
993 1520 1063 1565 cum
1090 1499 1156 1564 filio
1186 1505 1408 1566 transacturus

270 1608 357 1666 esset
384 1622 410 1668 e.
435 1623 465 1685 q.
489 1624 513 1668 s.
550 1623 650 1688 eaque
680 1607 713 1670 in
745 1607 884 1671 editione
914 1626 973 1672 sua
995 1604 1087 1686 Epid.
1116 1604 1331 1688 (12411111.)
1362 1605 1409 1669 111

270 1704 399 1772 dilatat:
424 1707 471 1785 ,V.
501 1713 666 1774 153-155
691 1709 732 1774 ad
755 1711 889 1776 alteram
917 1711 1079 1794 pertinere
1101 1709 1320 1774 recensionem
1343 1707 1408 1774 dini

271 1807 341 1873 Act.
364 1829 427 1876 soc.
452 1817 523 1890 etc,
552 1811 669 1894 quibus
696 1833 779 1880 nunc
801 1834 930 1880 versum
958 1819 1016 1879 156
1046 1813 1165 1878 addere
1187 1832 1251 1878 non
1275 1811 1407 1878 dubito!

270 1913 389 1978 Facere
410 1933 474 1979 non
496 1935 676 1998 possumus,
700 1919 775 1999 quin
799 1919 985 1984 doctissimo
1009 1918 1077 1982 viro
1101 1923 1138 1981 11
1160 1917 1232 1981 11111
1255 1918 1287 1981 in
1310 1915 1407 1982 rebus

269 2016 320 2082 hic
342 2036 468 2100 quoque
491 2020 706 2086 adversemur.

355 2122 531 2205 Postquam
562 2110 794 2208 Stratippocles
830 2127 971 2209 priorem
1007 2126 1142 2192 amicam
1171 2125 1282 2208 utique
1313 2126 1406 2190 domo

269 2227 495 2291 removendam
511 2245 583 2293 esse
597 2229 786 2312 intellegens
803 2251 931 2297 servum
954 2231 1120 2297 consilium
1135 2229 1262 2311 rogavit
1278 2267 1318 2275 —
1334 2249 1407 2294 nam

270 2325 352 2392 falsa
382 2334 466 2409 sunt,
498 2350 580 2413 quae
615 2333 770 2397 coecatus
804 2335 865 2400 huc
895 2335 1090 2418 pertinentia
1118 2335 1151 2398 in
1181 2331 1281 2415 praef.
1313 2335 1405 2414 Epid.

268 2451 299 2514 p.
315 2432 407 2498 XXIl
430 2442 536 2500 annot.
562 2437 689 2501 rettulit
716 2476 745 2486 -
775 2443 808 2504 et
830 2441 953 2505 audivit
974 2440 1058 2504 hunc
1080 2437 1316 2519 quoquomodo
1339 2455 1405 2502 rem

270 2537 504 2618 expediturum,
528 2542 620 2622 quasi
644 2540 811 2609 blandiens
835 2545 904 2610 eius
927 2543 1132 2628 prudentiam
1155 2539 1247 2606 effert
1270 2541 1406 2623 (plenus

271 2641 425 2707 consili's:
449 2644 524 2708 novi
539 2663 597 2726 ego
621 2646 688 2728 to‘),
712 2647 862 2713 nimirum
884 2654 921 2713 ut
936 2648 1056 2713 certius
1072 2645 1193 2727 aliquid
1210 2646 1404 2726 comperiat:

268 2763 371 2826 neque
394 2753 523 2812 recusat
546 2767 658 2815 servus
682 2751 797 2830 dicere,
822 2753 907 2834 quod
930 2757 1017 2817 certe
1039 2751 1125 2814 inter
1140 2749 1258 2831 prioris
1282 2749 1407 2830 puellae

269 2849 463 2930 emptionem
479 2853 637 2932 cognovit,
661 2854 794 2919 militem
811 2856 899 2920 illam
914 2855 1040 2938 perdite
1057 2873 1165 2919 amare
1180 2858 1212 2918 et
1227 2853 1295 2918 sine
1312 2854 1406 2918 dubio

269 2957 452 3034 empturum
483 2973 563 3020 esse.
609 2957 700 3034 Quod
730 2963 837 3023 autem
868 2960 928 3025 hoc
958 2966 1120 3041 tamquam
1152 2958 1351 3040 praeteriens
1375 2961 1408 3021 et

269 3075 340 3120 cum
364 3058 511 3123 socordia
541 3061 679 3143 quadam
715 3061 847 3127 Goetac'o
875 3069 1026 3146 suspecta
1048 3062 1134 3143 facit,
1166 3062 1244 3126 duas
1268 3062 1336 3126 eius
1359 3061 1407 3126 rei

269 3178 381 3226 causas
403 3180 582 3245 proponere
606 3166 709 3231 liceat.
748 3163 891 3233 Primum
914 3169 998 3233 enim
1022 3167 1099 3231 nihil
1123 3166 1286 3248 antiquius
1310 3165 1407 3232 babet

269 3283 390 3345 servus,
426 3286 521 3348 quam
555 3277 592 3333 ut
625 3271 774 3350 inveniat,
814 3273 898 3337 unde
931 3272 1098 3354 pecuniam
1131 3271 1254 3335 recenti
1287 3272 1406 3336 amicae

269 3369 421 3434 emendae
452 3370 578 3437 auferat
610 3375 756 3456 (1158),
788 3393 891 3456 neque
922 3373 1053 3439 dubium
1084 3374 1220 3453 videtur,
1259 3375 1336 3460 quin
1366 3374 1406 3438 ad

268 3472 483 3538 adulescentis
496 3477 716 3559 quaestionem
727 3479 799 3543 ideo
812 3487 876 3543 tam
891 3485 961 3544 arte
973 3479 1187 3561 responderit,
1200 3497 1240 3542 ne
1253 3497 1272 3542 a
1284 3497 1319 3543 re
1331 3484 1406 3542 tunc

267 3577 436 3659 potissima
465 3577 586 3645 diutius
617 3589 815 3648 avocaretur.
867 3584 990 3649 Deinde
1021 3583 1147 3648 omnino
1179 3583 1314 3664 cogitari
1344 3601 1406 3647 non

268 3687 387 3764 potest,
411 3684 506 3768 quale
529 3686 695 3751 consilium
719 3688 798 3753 illud
821 3707 893 3754 esse
909 3688 1033 3770 debeat,
1059 3687 1144 3772 quod
1159 3687 1312 3769 Epidicus
1336 3707 1406 3752 cum

268 3785 495 3867 probabilitate
519 3790 656 3871 quadam
677 3790 831 3872 proferat.
871 3793 951 3857 Nam
975 3811 1073 3878 quum
1095 3797 1209 3874 postca
1232 3793 1338 3856 omnia
1360 3792 1406 3855 ita

268 3895 398 3971 praeter
433 3895 703 3973 exspectationem
737 3897 893 3977 accidant,
929 3901 965 3961 11
999 3895 1269 3978 Acropolistidem
1303 3896 1406 3977 ipsam

268 3994 355 4059 domi
376 4013 505 4060 manere
535 3995 745 4078 improbabile
775 4018 839 4064 non
862 4001 906 4065 sit
929 4001 980 4084 (cl.
998 4020 1026 4065 v.
1044 4005 1116 4078 tot,
1135 4003 1221 4081 643),
1252 3999 1321 4065 lieri
1344 4019 1405 4065 non

267 4104 386 4179 posset,
410 4099 486 4181 quin
509 4100 644 4185 quodvis
668 4103 834 4168 consilinm
857 4105 942 4170 servi
964 4105 1137 4186 improviso
1160 4122 1268 4169 rerum
1290 4111 1406 4172 eventu

267 4201 299 4267 in
322 4201 450 4268 irritum
473 4204 611 4286 caderet,
635 4211 669 4272 11
690 4212 787 4288 poeta
809 4207 978 4273 calliditati
1001 4208 1070 4273 eius
1093 4208 1295 4274 subvenisset
1310 4227 1405 4292 quam
