3216 5106
715 343 923 436 „L

253 563 272 608 a
294 543 336 608 a.
363 544 506 608 rllr'r'llero
536 544 557 608 l.
582 563 606 608 s.
632 562 656 610 s.
681 565 711 628 p.
733 551 770 610 16
794 547 978 628 indagatam
1009 549 1041 609 et
1063 541 1267 610 Ambrosiam
1295 544 1391 610 titulo

252 667 366 714 scenae
382 649 522 731 praefixo
546 669 565 715 a
583 649 807 714 Studcrazmdo
831 651 881 730 ,de
895 650 966 715 Vid.
984 648 1100 714 Plaut‘
1123 667 1153 730 p.
1169 655 1209 713 20
1231 647 1390 714 firmatam

250 753 302 837 (ci.
326 754 423 820 etiarn
446 760 575 837 praeter
603 754 777 818 eceteram
798 753 1003 818 Loraasr'mn
1030 753 1063 817 in
1091 751 1257 816 Barrsr'crrri
1286 751 1389 816 annal.

252 857 330 939 phil.
353 858 429 924 XVI
452 859 565 942 (1878)
589 859 649 923 vol.
665 859 699 924 ΙΙ
721 879 751 940 p.
773 861 842 939 103,
863 857 896 922 0.
910 857 950 922 F.
966 857 1013 920 W.
1028 856 1213 920 Maillerurn
1236 857 1268 920 in
1283 855 1389 921 Plaut.

251 961 384 1026 Prosod.
419 981 450 1044 p.
476 967 537 1027 295
566 961 688 1044 annot.)
720 963 766 1027 ita
795 960 862 1027 fere
890 962 1068 1044 explemus:
1102 960 1194 1038 Quod
1222 959 1263 1026 ad
1290 958 1390 1025 filium

252 1064 377 1145 attinet,
402 1065 556 1146 optimum
580 1067 643 1130 erit
666 1065 735 1131 sine
758 1083 849 1131 mora
865 1103 905 1112 —
922 1065 1005 1131 ohne
1028 1065 1090 1129 viel
1106 1064 1316 1130 l'ederlesens
1332 1063 1392 1127 mit

251 1166 316 1231 ihm
339 1185 380 1233 zu
401 1168 534 1234 maclren
557 1206 598 1216 -
620 1170 807 1252 prospicere
831 1169 992 1248 ,continuo
1008 1177 1045 1236 ut
1059 1169 1195 1234 maritus
1216 1165 1293 1248 fiat‘,
1317 1185 1389 1232 scn-

252 1271 373 1336 tentiae
389 1273 645 1340 commodissime
661 1273 707 1340 ita
724 1291 759 1338 se
776 1273 947 1356 excipiunt,
964 1279 1002 1338 ut
1016 1272 1215 1356 posteriores
1238 1271 1389 1354 epriori·

251 1375 310 1439 bus
333 1381 497 1458 tamquam
519 1383 612 1442 natas
635 1378 854 1461 videamustt)
888 1377 970 1443 Nam
993 1395 1074 1460 quae
1101 1374 1327 1460 Larzprehra'os
1349 1375 1389 1440 de

252 1479 455 1544 consiliorum
471 1483 718 1548 commutatione
734 1483 853 1566 alioqui
869 1501 1024 1564 nusquam
1037 1485 1213 1564 apparente
1225 1479 1388 1558 disseruit,

251 1583 304 1648 vix
327 1589 414 1648 stare
437 1590 581 1666 possunt.
617 1586 708 1652 Licet
724 1587 805 1652 enim
823 1607 861 1652 ex
876 1587 940 1664 lI,l
968 1585 1161 1660 coniciamus
1177 1583 1389 1666 Periphanem

247 1686 395 1769 priorem
418 1687 579 1754 ducendae
602 1689 771 1771 Philippae
798 1690 965 1756 consilium
988 1689 1122 1771 cepisse,
1151 1687 1246 1752 simul
1269 1705 1287 1752 e
1308 1686 1388 1767 loco,

252 1789 292 1854 de
315 1807 377 1871 qno
400 1791 535 1874 agimus
559 1793 663 1858 elucet
684 1793 773 1860 illum
797 1812 868 1858 cum
891 1793 992 1859 amico
1015 1811 1083 1857 rem
1106 1790 1389 1857 communicantem

253 1891 350 1958 dubia
365 1896 521 1976 quaedam
537 1898 657 1988 nuptiis
672 1893 835 1962 obstantia
857 1897 1013 1980 tetigisse,
1038 1915 1119 1979 quae
1134 1897 1185 1962 hio
1208 1894 1389 1961 accuratius

252 1997 449 2082 investigare
476 2007 509 2066 et
534 1999 698 2067 infirmare
725 2001 848 2067 studet:
882 2001 1095 2084 Periphanem
1126 2005 1233 2066 autern
1260 1998 1390 2081 nuptias

252 2102 345 2167 modo
369 2104 455 2169 visas
478 2104 548 2169 iam
569 2127 743 2187 recusasse,
767 2123 828 2188 quo
853 2125 915 2170 una
938 2107 1019 2170 mira
1043 2105 1167 2170 consilii
1183 2101 1389 2171 commutatio

252 2207 355 2271 evinci
386 2209 501 2290 possit,
535 2212 642 2276 nescio
677 2229 740 2292 qna
772 2230 809 2276 re
841 2209 1069 2293 Leoprehra'us
1102 2208 1226 2292 probet.
1278 2207 1389 2289 Neque

252 2311 353 2392 magis
377 2317 504 2378 ceterae
523 2313 631 2397 Weisi,
654 2313 833 2398 Ladewiqr‘,
851 2313 1037 2397 Leoprehrr'
1051 2311 1284 2378 haesitationes
1298 2310 1389 2393 quid-

252 2433 346 2496 quam
369 2417 485 2482 valent.
521 2419 601 2482 Nam
626 2423 662 2482 ut
685 2437 865 2484 asermone
887 2418 942 2483 illo
966 2435 993 2482 v.
1015 2422 1074 2482 166
1092 2435 1159 2499 sqq.
1184 2415 1272 2480 nullo
1295 2413 1388 2480 modo

252 2519 412 2584 enucleari
435 2524 552 2603 potest,
581 2541 657 2588 num
679 2523 858 2604 Apoecides
886 2522 987 2588 amico
1014 2541 1050 2587 re
1077 2539 1154 2586 vera
1176 2518 1389 2604 persuaserit,

253 2628 290 2688 ut
313 2625 481 2690 consilium
508 2628 693 2709 nuptiarum
721 2625 876 2710 perficiat,
904 2627 950 2691 ita
977 2626 1123 2691 consulto
1150 2630 1278 2708 poetam
1305 2621 1390 2688 sales

251 2746 279 2792 ιι.
309 2733 477 2794 173-180
505 2731 578 2796 ideo
602 2731 856 2798 intermiscuisse
883 2736 1043 2814 putamus,
1072 2735 1109 2795 nt
1135 2728 1307 2811 Apoecidis
1334 2746 1389 2794 ore

251 2833 471 2915 pervulgatam
496 2836 654 2916 quandam
683 2835 769 2902 illius
791 2841 829 2902 ut
852 2835 955 2901 nostri
983 2835 1053 2901 aevi
1076 2833 1246 2900 stultitiam
1270 2833 1390 2898 ironico

250 2937 460 3018 perstringat,
484 2957 547 3020 qua
569 2940 654 3004 cives
676 2940 785 3022 largas
809 2940 901 3005 dotes
925 2939 1031 3004 venati
1055 2958 1113 3022 pro
1137 2957 1278 3020 paupere
1302 2937 1389 3002 ideo·

251 3057 312 3122 que
335 3041 480 3106 modesta
502 3061 601 3108 uxore
624 3045 763 3127 (qualem
786 3045 921 3110 alteram
944 3062 1015 3108 esse
1037 3043 1099 3107 nisi
1116 3042 1294 3125 Apoecides
1316 3060 1389 3124 pcr-

251 3162 380 3209 suasum
395 3144 540 3227 haberet,
564 3155 651 3214 certe
667 3149 796 3230 nuptias
812 3149 880 3212 eius
902 3166 964 3212 non
981 3144 1240 3231 commendaret)
1263 3163 1389 3211 crucem

250 3249 366 3314 malam
388 3255 475 3316 tecto
498 3253 664 3336 recipiant,
689 3252 727 3318 ci.
752 3271 800 3318 ex.
824 3271 871 3336 gr.
896 3252 986 3317 Asin.
1010 3269 1038 3316 r.
1053 3256 1104 3316 87.
1117 3253 1153 3333 12)
1175 3250 1268 3316 Licet
1290 3249 1390 3330 igitur

250 3371 405 3434 ponamus
428 3355 639 3441 Periphanem
664 3357 730 3424 filia
752 3377 827 3424 vere
855 3357 986 3422 inventa
1012 3356 1133 3420 laetum
1160 3355 1200 3420 de
1222 3353 1389 3435 Philippae

250 3463 287 3521 ut
309 3458 452 3524 melioris
475 3461 681 3528 mulierculae
703 3463 825 3545 nuptiis
848 3463 1001 3544 rogitare,
1030 3465 1117 3525 certo
1141 3466 1174 3524 et
1196 3459 1258 3524 arti
1282 3463 1316 3522 et
1338 3477 1389 3522 ar-

250 3566 401 3644 gumento
422 3561 550 3628 fabulae
572 3565 731 3632 satisfecit
752 3573 849 3648 poeta
864 3565 1067 3630 matrimonio
1090 3564 1145 3628 illo
1161 3568 1228 3627 tam
1251 3561 1389 3626 strictim

250 3672 506 3746 commemorato,
530 3673 648 3735 utnon
671 3677 737 3736 tam
752 3677 878 3752 partem
900 3668 1083 3734 comoediae
1097 3665 1311 3732 necessariam
1334 3683 1389 3730 eas

250 3789 322 3837 esse
345 3787 439 3853 quarn
463 3773 659 3840 commodam
682 3793 811 3840 causam
834 3773 1044 3840 verecundiae
1065 3770 1123 3836 filii
1139 3770 1279 3836 voluisse
1300 3763 1389 3834 vidc-

250 3881 338 3957 atur3
366 3894 470 3958 neque
498 3876 591 3944 abest
618 3879 759 3963 suspicio
786 3885 916 3961 poetam
943 3878 989 3942 ita
1015 3881 1200 3961 spectantes
1227 3873 1389 3940 fortunam

250 3980 416 4063 Philippus
439 3988 514 4065 post
535 3989 690 4049 venturae
715 3982 856 4049 breviter
878 3982 1054 4064 edocuisse,
1078 4000 1118 4046 ne
1139 3977 1280 4045 fabulam
1303 3977 1388 4043 iusto

251 4084 378 4166 longius
402 4088 577 4168 producere
600 4093 771 4172 cogeretur
793 4087 845 4172 (cf.
870 4087 953 4153 inira
974 4106 1047 4170 pag.
1073 4091 1114 4152 20
1137 4084 1231 4172 sqq).

338 4191 584 4272 Integerrimum
614 4193 709 4258 modo
739 4192 854 4274 locum,
886 4192 914 4256 si
944 4191 1099 4258 librorum
1128 4187 1388 4273 depravationem

250 4294 549 4380 praetermittimus,
584 4301 728 4364 tractare
759 4296 865 4362 conati
889 4314 1012 4363 sumus:
1047 4297 1110 4362 iam
1142 4295 1181 4363 de
1212 4295 1274 4362 alio
1303 4291 1390 4360 haud
