3216 5106
734 302 774 360 77

187 499 306 560 Wco'sc'us
323 503 418 572 inique
436 503 608 572 vituperavit
625 503 760 560 malitiam
771 505 871 560 Plauto
890 504 1041 575 indignam,
1061 521 1122 560 earn
1138 505 1167 560 in
1177 507 1322 560 1161166611-

181 607 286 646 morum
304 590 414 659 quidem
431 590 556 647 versibus
574 589 617 646 ita
635 589 782 645 manifesto
802 589 971 648 offendimus.

252 761 296 830 51)
324 763 422 818 Potuit
451 764 561 834 quidem
586 763 674 820 Pellio
703 765 749 832 (ci.
767 766 871 820 Ititsclc.
901 782 959 835 par.
978 783 1004 834 p.
1023 765 1084 833 196,
1104 765 1165 832 252,
1184 764 1244 832 256,
1262 765 1323 832 336,

182 849 300 904 Student.
320 851 371 916 ,De
390 856 444 906 act.
456 851 541 906 Stich.
561 852 654 920 temp‘
672 869 699 920 p.
709 851 753 920 21>
774 851 859 906 etiam
878 852 1026 908 cuiuslibet
1045 852 1118 907 alius
1135 855 1235 920 poetae
1247 855 1325 905 actor

182 951 255 1004 esse;
282 936 331 990 scd
350 937 449 992 ceteris
468 938 639 1008 argumentis
657 938 792 1008 respectis
818 939 903 994 etiam
930 939 994 994 huic
1021 939 1063 994 rei
1090 937 1246 1009 graviorem
1264 937 1323 992 vin·

183 1019 262 1075 cendi
281 1021 337 1078 vim
354 1023 476 1079 tribuere
495 1041 551 1080 non
570 1025 736 1080 dubitamus.

252 1195 296 1264 52)
321 1195 385 1251 Sine
403 1197 589 1252 haesitatione
616 1197 808 1267 amplectimur
825 1200 959 1254 Rttsebcli
985 1197 1152 1253 sententiam
1179 1195 1324 1252 scribentis

184 1283 253 1351 (par.
271 1299 297 1350 p.
308 1281 382 1350 351)=
402 1283 470 1353 ,Quo
489 1284 518 1340 in
537 1299 640 1354 genere
659 1284 727 1339 illud
746 1285 827 1340 valde
852 1289 895 1340 est
913 1285 1090 1340 memorabile
1114 1284 1222 1338 omnino
1241 1283 1324 1351 longe

182 1368 314 1424 maiorem
331 1375 440 1439 partem
458 1371 614 1426 fabularum
629 1371 830 1441 Plautinarum,
850 1388 921 1441 quae
940 1373 1050 1440 quidem
1068 1371 1232 1441 superstites
1251 1374 1323 1435 sunt,

182 1455 355 1524 provectiore
374 1463 468 1513 aetate
487 1466 572 1527 atque
602 1453 671 1514 adeo
699 1459 911 1529 ingravescente
939 1463 1052 1514 senecta
1079 1463 1180 1528 poetae
1207 1456 1324 1524 scriptas
1356 1476 1360 1482 ·

183 1543 280 1614 videri,
300 1543 386 1612 ipsius
404 1543 558 1600 iuventutis
576 1562 680 1614 paucas
700 1551 818 1617 exstare,
836 1547 919 1617 longe
938 1545 1070 1616 plurimas
1090 1545 1155 1600 olim
1166 1543 1324 1611 exstitisse‘,

185 1629 227 1684 ita
245 1629 362 1699 quidem,
381 1636 415 1686 ut
432 1631 537 1700 priores
556 1632 619 1688 illas
637 1632 698 1688 ideo
713 1633 853 1688 interiisse
872 1633 1002 1700 dicamus,
1022 1631 1089 1700 quia
1106 1635 1138 1685 ut
1156 1629 1245 1684 minus
1263 1644 1324 1699 per-

184 1716 275 1770 fectae
294 1714 429 1784 simulque
448 1719 517 1774 satis
540 1718 663 1777 incertae
681 1719 904 1789 interpolationis
929 1724 1014 1788 atque
1037 1718 1105 1772 adeo
1128 1715 1324 1786 suppositionis

184 1801 334 1871 suspicioni
352 1803 406 1857 iarn
424 1805 556 1860 Varronis
573 1811 697 1875 tempore
717 1806 877 1862 obnoxiores
898 1811 985 1874 erant,
1006 1821 1087 1873 quam
1106 1819 1177 1872 quae
1196 1801 1325 1857 aestima·

184 1889 238 1943 tori
256 1889 461 1960 ingenuitatem
478 1908 556 1946 suam
575 1893 732 1948 credibilem
750 1894 865 1948 reddere
883 1897 1005 1964 possent.
1075 1910 1078 1914 ·

253 2080 297 2149 53)
318 2080 359 2135 Cf.
379 2097 420 2136 ex.
439 2099 481 2152 gr.
500 2099 571 2151 quae
588 2084 642 2138 huc
660 2083 830 2154 pertinentia
853 2083 882 2138 in
905 2083 1035 2139 Ribbccbi
1052 2079 1185 2136 Alazonis
1209 2095 1325 2134 censura

184 2169 266 2222 Burs.
286 2167 385 2240 Annpl.
404 2169 470 2238 phil.
488 2171 582 2224 XXXI
599 2189 626 2240 p.
645 2171 680 2226 94
698 2189 756 2240 sqq.
783 2171 949 2241 aSeyfferto
976 2169 1086 2238 scripta
1107 2171 1231 2222 exstant:
1259 2167 1325 2236 ,Das

184 2255 209 2308 3.
219 2253 334 2322 Kapitcl
355 2255 413 2322 (der
431 2256 615 2325 plautinische
633 2257 712 2312 miles
722 2256 868 2326 gloriosus)
890 2261 1008 2312 erbrtert
1026 2255 1161 2310 aunachst
1180 2253 1324 2321 dieFrage

185 2340 256 2394 nach
273 2340 334 2395 dem
352 2342 499 2396 Verfasser
517 2343 565 2397 des
584 2343 724 2414 Originals
744 2383 839 2399 ......
860 2345 916 2398 und
934 2344 1004 2399 nach
1028 2343 1076 2397 der
1094 2338 1326 2408 Abfassungsneit

186 2427 233 2481 des
252 2426 434 2482 lateinischen
445 2428 553 2496 Stieis,
572 2430 618 2484 fiir
635 2431 733 2484 dassen
742 2430 919 2498 Entstehrmg
937 2429 965 2483 in
984 2428 1060 2484 einer
1065 2428 1198 2497 scalurco
1209 2425 1325 2480 Periodc

186 2514 234 2568 des
252 2515 375 2568 Plautus
390 2513 434 2568 ein
453 2530 538 2570 neuer
557 2517 790 2572 beacbtcoowcrter
807 2515 1006 2585 Beweisgrund
1025 2515 1087 2568 dem
1095 2513 1246 2568 Umstande
1266 2518 1343 2578 ent-¹

159 2674 161 2678 .
185 2616 311 2655 nommen
329 2600 406 2668 vird,
425 2602 554 2678 dascstcr
571 2603 686 2658 Dichter
699 2599 734 2658 vio
752 2604 803 2658 dec
820 2603 1007 2657 cacbwcc'slc'cb
1024 2606 1145 2670 spcitcrcr
1158 2601 1224 2654 ch‘t
1246 2618 1325 2670 capc-

186 2689 422 2766 bdripeaStbctco
439 2689 483 2743 dic
502 2691 613 2744 oratore
622 2690 805 2760 Aassc'tbraap
823 2689 1015 2744 mitatarriscber
1031 2687 1205 2741 Prablcvcicn
1223 2687 1264 2739 als
1282 2687 1327 2739 cia

186 2781 300 2830 sattscm
320 2775 597 2830 belmadclteaTbcma
615 2777 722 2832 ablabat
732 2818 829 2831 ......
831 2775 838 2802 ‘
849 2775 935 2844 Atqui
954 2773 1031 2829 miles
1050 2773 1077 2827 in
1087 2771 1202 2841 Epidico
1221 2772 1326 2826 duobus

169 2860 329 2917 versiculis
349 2861 471 2930 exeeptis
492 2863 632 2931 (rsa-39)
662 2864 695 2917 de
715 2863 866 2919 virtutibus
894 2861 950 2917 suis
976 2861 1058 2930 plane
1086 2863 1176 2915 tacet:
1205 2874 1270 2929 ergo
1298 2857 1326 2914 in

186 2954 308 3004 nostram
326 2953 434 3017 partem
453 2949 723 3019 argumentationem
741 2950 866 3020 accipere
884 2948 988 3004 licebit.

256 3131 300 3198 54)
320 3131 398 3185 Idem
417 3131 476 3184 sere
495 3131 518 3184 si
542 3131 693 3201 Wupucrcs
710 3130 729 3185 l.
748 3147 769 3185 s.
789 3147 810 3184 s.
838 3147 864 3198 p.
883 3129 918 3184 34
936 3145 969 3183 ex
988 3143 1051 3183 acre
1069 3128 1183 3182 militari
1203 3128 1328 3182 concludi

186 3233 266 3286 possa
285 3217 414 3286 opinatur
432 3219 565 3272 scribens:
586 3217 722 3288 ,Breviter
741 3216 873 3284 addimus,
893 3232 1057 3284 quamquam
1072 3216 1328 3285 quaeLadcwc'qc'as

188 3303 222 3356 de
240 3303 321 3372 Epid.
340 3309 462 3374 tempore
482 3305 640 3374 disputavit
667 3305 723 3359 iam
751 3309 826 3359 stare
853 3319 907 3358 non
925 3307 1048 3372 possunt,
1076 3308 1169 3357 tamen
1195 3318 1249 3356 uno
1267 3301 1326 3355 loco

187 3389 298 3456 probari
315 3389 489 3446 Aululariam
508 3397 536 3446 et
555 3391 699 3460 Epidicum
718 3380 814 3446 eodem
832 3391 891 3444 sere
909 3394 1033 3458 tempore
1061 3388 1225 3458 compositas
1258 3402 1327 3457 esse,

188 3490 269 3555 quem
286 3476 376 3530 locum
402 3477 458 3531 iam
484 3495 568 3547 supra
596 3477 864 3534 commemoravimus
893 3482 984 3532 annot.
1005 3477 1052 3544 323
1080 3476 1109 3530 in
1136 3474 1328 3530 historicorum

187 3567 281 3616 tamen
298 3561 377 3618 libris
395 3563 463 3618 nihil
481 3563 634 3620 invenimus
654 3583 707 3634 quo
726 3574 875 3634 appareret
902 3563 950 3618 illo
969 3568 1092 3632 tempore
1113 3561 1223 3630 saepius
1242 3561 1327 3616 fuisse

187 3647 323 3704 tributum
340 3655 489 3720 negatum:
508 3651 537 3704 id
556 3652 627 3719 quod
647 3668 661 3706 e
681 3651 821 3707 comoedia
839 3651 898 3706 sola
917 3649 1041 3704 discitur‘
1062 3665 1139 3716 quoe.
1159 3648 1192 3702 cf.
1213 3664 1275 3702 ann.
1293 3648 1327 3702 32

188 3738 224 3806 (p.
243 3736 286 3805 16)
307 3736 428 3792 eiusdem
447 3737 568 3793 dissert:
593 3739 696 3808 ‚Neque
722 3739 811 3794 minus
836 3754 908 3808 quae
935 3739 968 3792 de
987 3737 1077 3792 milite
1095 3751 1142 3790 aes
1169 3735 1327 3804 postulante

188 3825 270 3892 (Aul.)
290 3823 379 3894 Irus,
390 3825 424 3880 52
443 3843 501 3894 sqq.
520 3827 653 3896 leguntur
671 3828 707 3882 ad
725 3829 862 3882 Romanos
886 3841 973 3880 mores
992 3823 1134 3895 pertinent
1233 3822 1328 3878 eadem

187 3926 251 3966 vero
270 3927 314 3966 res
333 3911 463 3984 tangitur
480 3913 559 3984 Epid.
579 3915 609 3968 ΙΙ
619 3913 645 3980 2,
655 3913 689 3970 43
708 3913 776 3983 sqq!
803 3929 901 3968 vereor
924 3928 958 3968 ne
982 3928 1037 3967 non
1053 3911 1165 3980 habeat,
1195 3925 1248 3976 quo
1267 3923 1326 3962 sen-

187 3996 305 4052 tentiam
323 3999 391 4054 satis
411 3999 552 4067 defendat,
572 4015 655 4068 quum
673 4000 819 4070 Megadori
842 3999 953 4068 quidem
980 3999 1068 4054 oratio
1096 3997 1244 4053 manifesto
1274 4012 1327 4050 non

186 4083 240 4138 nisi
260 4083 349 4152 Oppia
366 4086 430 4155 lege
449 4088 585 4157 abrogata
603 4087 698 4141 haberi
717 4086 849 4156 potuerit,
878 4086 1042 4158 Periphanis
1071 4090 1167 4140 eontra
1186 4083 1328 4138 cavillatio

186 4169 308 4225 virorum
325 4187 383 4226 rem
402 4173 567 4229 familiarem
586 4189 646 4228 curn
669 4172 859 4228 meretricibus
881 4179 939 4228 tam
957 4171 1077 4241 turpiter
1094 4170 1328 4240 profundentium,

186 4265 220 4314 ut
241 4257 375 4314 tributum
394 4257 558 4329 imperatum
585 4261 691 4317 solvere
717 4276 772 4315 non
799 4259 914 4330 possint,
943 4275 1003 4314 cum
1020 4259 1085 4330 lege
1102 4257 1257 4326 illaartius
1275 4273 1329 4312 non
