3216 5106
765 289 804 350 59

217 491 359 556 alterove
382 509 464 556 anuo
488 494 563 572 post
583 489 665 572 legis
680 489 923 574 abrogationem
943 493 1066 556 tantam
1081 509 1236 557 novorum
1258 491 1358 556 nomi-

216 615 293 661 num
315 595 484 660 colluviem
510 594 580 660 fieri
608 615 672 661 non
701 597 848 680 potuisse
874 598 927 664 vix
956 595 1126 678 quisquam
1153 594 1223 659 iure
1251 600 1355 676 neget.

217 699 334 784 (Simili
356 699 450 765 modo
462 699 674 784 Ladeea'pc'aa
697 701 820 766 11111.
838 707 966 784 tempus
982 697 1188 764 statuendum
1202 697 1242 763 de
1258 698 1357 764 inter-

216 804 300 868 vallo
324 821 362 868 ex
377 802 481 884 Oppia
502 803 574 885 lege
596 810 728 886 peracto
751 806 873 888 cogitat
894 806 927 870 in
944 803 1135 867 Zimmerm.
1161 802 1266 867 diurn.
1290 809 1355 868 ant.

217 907 300 974 stud.
333 927 361 972 1.
389 913 467 972 1841
498 927 528 989 p.
551 913 729 992 1185111,
762 909 800 976 cf.
829 914 1000 992 praetereo
1029 905 1227 991 Wopaemm
1250 907 1270 971 l.
1288 925 1312 972 s.
1330 925 1355 972 s.

216 1031 246 1094 p.
265 1010 328 1094 24).
374 1010 520 1092 Denique
547 1012 633 1093 quod
660 1013 701 1079 ad
735 1032 852 1079 annum
879 1013 1015 1078 DLXlIl
1051 1010 1258 1076 statuendum
1286 1029 1357 1076 sen-

216 1114 319 1180 tentia
341 1119 454 1179 nostra
485 1115 637 1181 libentius
660 1117 808 1182 inclinat:
837 1135 876 1182 ex
903 1117 960 1197 eis,
984 1133 1066 1198 quae
1094 1113 1133 1180 de
1161 1114 1245 1179 reris
1272 1114 1357 1180 ludis

158 1239 163 1262 ·
217 1218 353 1283 scenicis
375 1223 554 1302 poetaeque
570 1219 755 1286 defensione
769 1221 864 1286 modo
881 1219 1059 1298 attulimus,
1083 1217 1358 1284 verisimilitudini

219 1321 348 1404 quidem
372 1323 598 1390 subveniamus
625 1343 719 1407 quam
749 1326 895 1404 manime,
923 1325 951 1391 si
974 1323 1143 1406 Epidicum
1170 1342 1198 1387 1.
1222 1321 1358 1388 DLXIII

216 1427 355 1508 primum
378 1433 565 1510 spectatam,
593 1429 726 1496 DLXIV
753 1431 905 1496 iteratam
936 1435 970 1496 et
993 1429 1122 1511 saepius
1145 1427 1284 1494 fortasse
1307 1446 1357 1492 re-

216 1531 361 1612 petitam,
385 1532 501 1598 DLXV
530 1534 631 1614 ipsius
654 1539 770 1615 poetae
784 1535 887 1612 laude
910 1534 1041 1616 egregia
1068 1532 1108 1597 ab
1131 1531 1241 1612 iniqua
1267 1550 1357 1613 spec-

217 1634 356 1699 tantium
384 1636 502 1702 livione
529 1637 723 1702 vindicatam
758 1639 973 1704 exhibeamus.
1020 1637 1064 1701 Et
1091 1654 1166 1701 vero
1195 1635 1356 1700 annalium

216 1744 360 1804 veterum
382 1741 569 1806 memoriam
590 1742 784 1824 replicantes
806 1748 843 1806 ut
858 1743 929 1807 Livi
952 1741 1136 1807 testimonio
1160 1739 1200 1805 de
1223 1738 1357 1803 scenicis

216 1843 301 1909 ludis
324 1843 365 1908 ad
387 1843 500 1924 DLXL
530 1845 658 1927 DLXH,
689 1847 822 1912 DLXIV
850 1865 951 1912 annos
978 1843 1156 1911 referendis
1186 1843 1281 1926 plane
1309 1847 1357 1908 ta-

216 1948 318 2013 centis
341 1948 405 2012 vim
428 1949 607 2015 absolutam
630 1951 690 2017 bac
713 1951 745 2016 in
761 1967 804 2016 're
827 1951 948 2016 nullam
977 1949 1190 2030 concedimus,
1214 1947 1357 2030 quando·

217 2052 346 2134 quidem
368 2053 441 2118 illos
464 2073 581 2136 magna
604 2075 642 2120 en
664 2061 757 2138 parte
781 2057 844 2120 iam
866 2056 1065 2137 aliquantum
1088 2053 1244 2135 temporis
1268 2053 1357 2118 anni·
1411 2087 1413 2092 ·

217 2157 378 2222 verserios
401 2156 502 2222 luisse
517 2165 645 2224 constat
667 2159 862 2244 (1111111111.
880 2179 949 2242 par.
973 2161 993 2224 l.
1011 2178 1037 2224 s.
1054 2158 1105 2241 1.),
1127 2159 1174 2222 ita
1189 2154 1229 2221 ab
1246 2156 1358 2221 eodem

216 2265 330 2326 autore
360 2263 553 2344 comperisse
582 2264 672 2328 iuvat
708 2265 814 2346 ipsum
844 2264 979 2328 DLXIII
1014 2279 1131 2328 annum
1161 2257 1357 2326 solemnibus

216 2363 454 2446 Megalensibus
477 2367 612 2449 aliisque
632 2368 716 2432 ludis
740 2368 829 2433 aedis
843 2367 1026 2433 Iuventutis
1049 2365 1245 2432 dedicandae
1260 2381 1357 2430 causa

216 2468 311 2534 iactis
334 2469 493 2556 insignem
515 2468 616 2536 fuisse
640 2472 672 2554 (1.
691 2471 910 2554 1111111136).
936 2472 1034 2553 Atqui
1049 2470 1224 2551 Megalesia
1248 2469 1356 2551 plures

217 2573 286 2639 dies
315 2586 349 2639 et
372 2574 458 2656 ipsos
486 2574 571 2640 ludis
603 2575 737 2641 scenicis
761 2573 970 2641 celebrandos
998 2575 1133 2640 durasse
1156 2572 1357 2637 Rttselaalius

217 2697 234 2744 e
261 2677 412 2744 Pseudoli
435 2679 523 2744 exitu
545 2678 666 2744 eisdem
687 2679 772 2744 ludis
799 2679 913 2745 doctae
937 2678 1081 2744 coniecit.
1128 2676 1211 2754 Quid
1235 2677 1356 2759 igitur?

216 2782 417 2848 Meminimus
440 2783 569 2864 quidem
590 2781 707 2849 alicubi
730 2803 789 2850 nos
805 2784 913 2867 legere
936 2783 1034 2849 alium
1049 2781 1222 2864 quemlibet
1245 2781 1356 2847 eadem

216 2886 342 2952 ratione
364 2887 459 2952 aliam
481 2887 588 2954 Plauti
611 2886 753 2954 fabulam
775 2889 937 2968 ‚crastino‘
969 2887 1015 2952 illi
1035 2886 1150 2964 1111155)
1180 2885 1356 2965 addixisse;

216 2990 274 3056 sed
303 3009 343 3056 ne
373 2991 420 3056 ita
454 2991 582 3072 quidem
617 2991 684 3057 ludi
714 2993 831 3058 scenici
870 3013 898 3058 a.
930 2992 1066 3056 DLXIIl
1095 2992 1264 3073 Epidicum
1293 3009 1357 3056 non

221 3093 360 3177 capiunt.

301 3199 350 3266 De
373 3200 496 3267 Graeco
520 3201 694 3284 exemplari
716 3221 798 3285 quae
821 3219 1015 3282 censeamus,
1047 3201 1110 3268 alio
1133 3201 1202 3268 loco
1226 3198 1357 3268 uberius

216 3310 358 3371 tractare
381 3307 412 3372 in
435 3305 542 3371 auimo
566 3312 625 3372 est.
