3216 5106
656 375 863 467 „u-

191 584 335 668 recipiat,
378 585 411 646 et
452 597 658 663 quaecunque
703 577 824 644 amicus
862 572 1036 656 Periphani
1072 569 1200 636 nuntiat
1246 567 1331 632 inter

198 688 335 754 eundum
360 705 399 751 ex
421 685 486 750 illis
509 684 629 765 audita,
653 683 687 748 id
709 702 807 748 unum
831 685 917 746 certe
940 678 979 742 iis
1002 680 1210 755 monstratur,
1239 691 1333 756 quam

191 794 284 859 docte
306 793 412 875 ipsum
427 789 580 872 Epidicus
596 787 703 853 dolum
720 783 886 865 celaverit3
910 802 972 865 quo
989 781 1022 846 id
1047 799 1172 864 quoque
1195 783 1331 862 spectat,

190 896 276 980 quod
299 915 367 960 rem
391 893 532 959 divinam
559 892 647 956 illam
676 909 736 974 pro
763 888 828 955 filio
852 887 922 954 fieri
945 887 1055 952 dicens
1077 904 1141 951 non
1172 889 1239 949 tam
1262 881 1333 948 fidi-

191 1003 281 1068 cinae
304 999 441 1082 imponit
463 1035 506 1044 —
529 996 620 1062 cuius
642 995 794 1060 nimirum
820 993 950 1059 minime
973 991 1121 1072 interest,
1151 1008 1214 1072 qua
1237 1005 1334 1054 causa

191 1107 259 1172 seni
283 1103 368 1169 domi
392 1107 486 1168 canat
509 1139 559 1180 —,
590 1119 685 1182 quam
708 1099 861 1183 Apoecidi
889 1097 1028 1180 speciem
1050 1095 1185 1179 praebet
1213 1113 1248 1161 se
1271 1095 1335 1162 cal.

191 1209 348 1276 lidissime
371 1211 516 1290 tempore
538 1223 630 1270 usum
646 1203 837 1286 Periphanis
860 1208 971 1286 partes
988 1201 1098 1266 dolose
1120 1200 1234 1282 tutari,
1257 1219 1335 1282 qua·

193 1319 327 1400 propter
350 1312 447 1377 etiam
469 1309 509 1376 ab
531 1309 592 1375 hoc
614 1308 765 1373 laudatur
787 1309 828 1392 (v.
843 1311 920 1372 416:
945 1311 1076 1388 ,rectam
1100 1304 1252 1388 institit‘).
1286 1306 1335 1371 De

193 1419 306 1486 fraude
335 1422 443 1482 autem
472 1433 508 1479 re
538 1431 616 1480 vera
644 1413 795 1478 instituta
818 1411 997 1494 Apoecides
1027 1429 1130 1493 neque
1160 1409 1332 1493 quidquam

193 1523 317 1591 audivit
339 1540 398 1587 nec
421 1519 536 1585 sensit:
560 1537 637 1600 ergo
659 1517 776 1582 mirum
798 1521 894 1598 esset,
918 1516 946 1580 si
969 1516 1002 1580 in
1017 1514 1126 1581 verbis
1150 1515 1218 1580 eius
1240 1533 1334 1598 prae·

193 1636 246 1695 ter
268 1625 460 1708 Periphanis
491 1621 571 1687 illud
601 1621 787 1686 mandatum
818 1621 859 1686 ad
885 1619 1031 1685 fraudem
1061 1619 1259 1702 pertinentia
1288 1619 1337 1684 in-

192 1723 386 1798 veniremus,
413 1765 451 1774 -
479 1726 626 1790 Alterum
657 1729 765 1789 autem
796 1724 975 1791 sententiae
1005 1743 1083 1789 suae
1113 1728 1337 1806 argumentum

194 1832 422 1918 Lacqrelirirrs
445 1831 494 1894 his
510 1828 618 1894 verbis
641 1829 777 1911 protulit
800 1829 844 1914 (p.
864 1835 902 1894 12
919 1829 1019 1912 sqq.):
1044 1829 1114 1910 ‚His
1137 1829 1237 1911 igitur
1258 1829 1337 1895 locis

193 1939 323 2005 fidicina
346 1934 545 2002 conducticia
560 1933 647 1999 nullo
670 1933 764 1998 modo
781 1933 944 2016 particeps
960 1933 1083 1999 fraudis
1100 1939 1159 2014 est,
1184 1933 1242 2000 sed
1265 1933 1336 2016 ipsa

195 2061 321 2126 quoque
345 2039 386 2105 ab
409 2038 543 2122 Epidico
567 2033 699 2102 fallitur.
746 2037 847 2116 Quam
871 2037 1032 2102 inscitiam
1055 2037 1125 2103 eius
1147 2057 1211 2103 non
1233 2037 1338 2120 ipsam

193 2147 302 2214 fictam
325 2161 456 2211 esseae
480 2141 671 2223 simulatam,
697 2143 874 2208 clarissime
897 2161 935 2207 ex
958 2141 1004 2206 eis
1021 2141 1231 2222 concluditur,
1256 2159 1338 2224 quae

193 2256 364 2334 postquam
386 2247 476 2313 fraus
492 2252 562 2311 tota
584 2246 706 2310 corruit
729 2245 1029 2328 coramPeriphane
1045 2246 1226 2328 agitatque
1250 2245 1337 2311 dicit.

193 2355 310 2420 Libere
332 2351 454 2417 fatetur
477 2369 512 2416 se
534 2350 598 2414 iam
621 2353 696 2414 ante
719 2350 857 2432 quinque
873 2369 975 2416 annos
998 2349 1227 2415 manumissam
1248 2337 1338 2414 adid

195 2462 322 2522 tantum
346 2454 535 2520 conductam
557 2470 639 2532 esse,
662 2457 700 2517 ut
722 2454 791 2518 seni
814 2455 900 2520 iuter
916 2453 1161 2520 sacrificandum
1184 2453 1339 2520 assistat‘

196 2561 339 2639 Quorum
360 2559 472 2642 priora
495 2556 622 2639 quidem
654 2556 731 2638 quin
762 2562 850 2623 stare
873 2577 936 2623 non
967 2559 1094 2641 possint
1123 2577 1215 2623 nemo
1247 2556 1340 2622 dubi-

195 2665 288 2746 tabit,
320 2663 373 2745 qui
397 2661 668 2743 argumentationi
695 2667 826 2727 nostrae
859 2662 999 2744 aliquam
1020 2662 1083 2727 vim
1108 2661 1277 2741 concedet3
1308 2659 1342 2724 id
1371 2743 1376 2753 ι

196 2787 293 2833 unum
317 2786 393 2832 sane
416 2765 618 2832 infitiandum
641 2785 704 2832 non
727 2771 778 2830 est
792 2765 953 2832 fidicinam
976 2786 1013 2832 re
1029 2785 1107 2832 vera
1129 2784 1236 2832 coram
1251 2764 1341 2830 Peri-

197 2871 303 2956 phane
325 2871 372 2936 ita
395 2888 429 2934 se
452 2888 566 2952 gerere
590 2874 622 2934 et
644 2869 862 2952 sermocinari,
895 2872 987 2954 quasi
1009 2871 1089 2936 nihil
1112 2872 1153 2937 de
1183 2869 1256 2936 dolo
1288 2887 1341 2936 su·
1419 2895 1422 2902 ·

197 2977 350 3059 spicetur.
382 2973 470 3052 Quae
493 2993 513 3038 a
535 2973 642 3056 puella
664 2973 814 3051 instituta
836 2975 919 3042 ratio
943 2994 1040 3058 quum
1064 2975 1110 3040 eis
1133 2993 1268 3059 prorsus
1290 2993 1342 3039 re-

196 3083 326 3163 pugnet,
358 3095 440 3160 quae
469 3075 538 3142 forc
570 3095 609 3142 ex
638 3077 747 3160 priore
770 3076 898 3144 fabulae
928 3085 1022 3162 parte
1053 3084 1275 3162 exspectamus
1300 3115 1339 3124 -

197 3183 284 3248 servi
308 3183 392 3248 enim
415 3187 525 3266 partes
548 3181 685 3247 tuendas
707 3201 772 3248 non
795 3187 922 3249 tutatur
938 3221 978 3229 -
994 3202 1052 3249 nec
1075 3201 1183 3248 rerum
1203 3181 1341 3247 mutatio

197 3289 245 3353 ita
267 3285 395 3353 delendi
417 3287 530 3370 possit,
554 3286 587 3351 id
609 3287 694 3369 quod
718 3307 775 3354 suo
799 3288 869 3353 iure
891 3287 1119 3372 Laaqrclrrirrs
1141 3287 1266 3354 monuit
1288 3284 1341 3371 (cl.

199 3409 270 3456 ann.
292 3391 355 3473 16),
378 3396 416 3456 ut
438 3410 565 3456 servum
588 3390 678 3474 prius
702 3393 869 3458 consilium
893 3393 1026 3458 meliore
1049 3397 1178 3476 reperto
1195 3391 1343 3457 omisisse

202 3493 355 3573 dicamus,
379 3495 554 3560 verendum
585 3501 644 3574 est,
675 3515 716 3561 ne
738 3498 788 3562 vir
818 3497 872 3563 ille
896 3497 1009 3563 doctus
1038 3502 1127 3563 recte
1159 3495 1341 3580 argumenti

200 3599 462 3682 depravationem
486 3617 618 3680 eamque
634 3600 895 3666 socordissimum
918 3601 1183 3684 interpolatorem
1205 3599 1343 3684 proden-

200 3709 266 3770 tem
299 3703 467 3782 detexerit,
499 3703 562 3768 nisi
591 3703 684 3768 nobis
716 3705 890 3786 continget,
921 3710 957 3770 ut
989 3705 1237 3771 ratiocinatione
1268 3723 1342 3786 pro-

201 3806 342 3874 babilius
365 3807 487 3889 aliquid
510 3807 706 3889 indagemus.

287 3912 415 3978 Etenim
439 3910 516 3994 quid
546 3916 606 3991 est,
631 3929 760 3994 quaeso,
792 3931 850 3980 cur
871 3913 910 3978 in
934 3913 1074 3998 Epidico
1106 3913 1240 3998 eiusque
1258 3931 1341 3996 pro-

201 4016 314 4080 missis
338 4015 463 4081 consilii
492 4015 680 4081 mutationis
703 4016 812 4081 sedem
842 4016 1008 4100 suspicari
1024 4037 1119 4101 quam
1141 4017 1181 4080 io
1202 4015 1343 4102 [ididem

201 4120 369 4185 malimus?
406 4117 519 4184 Nonne
542 4120 608 4186 veri
625 4120 761 4185 similius
781 4125 831 4186 est
847 4139 975 4187 servum
990 4120 1114 4188 fraudis
1129 4119 1344 4204 perficiendae

203 4243 299 4290 causa
321 4243 357 4290 re
377 4242 454 4288 vera
476 4225 601 4305 puellae
632 4225 738 4290 omnia
764 4225 880 4308 dicere,
905 4246 986 4310 quae
1010 4227 1043 4292 in
1065 4245 1102 4292 re
1125 4226 1198 4291 usui
1221 4226 1288 4291 sint
1311 4229 1345 4289 et

203 4329 298 4395 claris
321 4326 428 4394 verbis
451 4333 487 4393 ut
510 4329 653 4395 docenda
675 4330 803 4413 saepius
825 4331 1021 4411 referuntur,
1047 4329 1210 4396 fidicinam
1232 4334 1345 4396 contra
