3216 5106
724 243 763 306 25

172 447 405 514 versiculorum
429 447 670 514 similitudinem
694 448 760 532 (50,
775 452 826 530 56,
841 445 895 529 57)
918 445 1157 529 reprehendens
1182 451 1216 512 et
1233 445 1316 510 The·

175 552 314 635 sprionis
326 570 517 635 responsum
529 556 604 634 post
615 571 643 616 v.
655 557 696 617 50
712 552 916 618 desiderans:
934 552 1045 618 eadem
1060 551 1178 618 iterum
1194 549 1316 616 eisdem

174 654 241 721 fere
268 654 375 722 verbis
404 656 608 740 pronuntiari
641 675 733 722 nemo
757 654 902 740 negabit3
941 656 999 722 sed
1031 655 1129 722 liceat
1156 651 1315 732 dubitare,

174 779 278 826 nonne
300 779 339 826 ex
358 761 430 826 aliis
454 760 559 826 causis
582 779 677 843 quam
700 759 930 826 retractatione
952 760 1084 826 iteratio
1106 759 1162 824 illa
1182 776 1316 840 respon-

178 863 269 945 sique
292 864 437 930 defectus
459 863 658 947 profluxerit.
704 865 803 942 Quasi
824 862 895 930 fieri
921 883 985 930 non
1006 863 1112 946 possit
1139 869 1173 929 ct
1194 880 1257 928 non
1280 879 1317 926 re

173 986 250 1033 vera
279 969 468 1052 saepissime
495 967 565 1048 fiat,
601 973 638 1033 ut
659 967 776 1051 aliquis
806 972 937 1050 stupore
965 967 1015 1033 vel
1042 972 1168 1034 terrore
1195 966 1246 1031 vel
1268 966 1316 1030 in-

176 1069 362 1152 dignatione
395 1072 443 1138 uel
479 1072 541 1138 alio
572 1071 685 1154 quouis
718 1071 817 1137 animi
851 1076 941 1136 motu
970 1071 1137 1153 perculsus
1170 1070 1315 1152 rogantis

175 1172 274 1239 verba
306 1177 479 1258 neglegens
513 1175 546 1240 in
580 1195 618 1240 ea
652 1175 810 1258 inquirat,
849 1193 932 1258 quae
964 1173 1096 1239 amma
1123 1173 1192 1258 ipsi
1225 1172 1315 1238 cordi

174 1281 257 1358 sunt,
289 1279 443 1360 quasique
463 1297 527 1346 non
549 1278 713 1344 hominum
727 1283 862 1344 naturae
885 1278 1054 1344 conveniat
1069 1297 1164 1359 quarn
1179 1277 1315 1342 maxime

173 1379 206 1444 in
238 1381 395 1448 eiusmodi
425 1381 722 1466 perturbationibus
750 1382 848 1447 animi
879 1381 999 1448 eisdem
1031 1378 1315 1448 exclamationibus

173 1484 291 1550 iterum
314 1491 412 1570 atque
434 1485 552 1552 iterum
575 1505 669 1552 senso
693 1487 885 1567 exprimere,
923 1485 1095 1568 praecipue
1117 1485 1143 1550 si
1169 1503 1315 1550 sermone

174 1589 331 1670 producto
369 1590 472 1672 magis
510 1590 644 1654 eminuit
681 1595 779 1672 atque
816 1589 967 1672 apparuit
1002 1589 1151 1670 querelae
1188 1606 1317 1654 causam

174 1693 376 1758 verissimam
415 1695 507 1758 esset
557 1693 600 1757 Et
635 1693 696 1758 hoc
731 1699 763 1758 et
796 1693 877 1758 illud
911 1692 944 1756 in
977 1691 1070 1773 Epid.
1102 1709 1185 1756 vers.
1218 1690 1313 1756 valet.

173 1795 347 1878 Postquam
382 1797 466 1862 enim
488 1795 641 1878 Epidicus
671 1797 735 1862 iam
769 1816 808 1862 ex
830 1795 1039 1878 Thesprionis
1073 1795 1317 1860 narratiuncula

174 1917 202 1964 v.
216 1904 257 1964 43
270 1918 338 1983 sqq.
356 1900 499 1982 pericula
515 1898 576 1965 sibi
593 1919 631 1965 ex
644 1901 870 1983 Stratippoclis
886 1900 1103 1966 inconstantia
1117 1897 1316 1964 imminentia

172 2004 384 2086 praesagivit,
416 2004 501 2086 quod
529 2005 758 2071 exclamatione
785 2006 841 2070 illa
862 2025 891 2071 v.
907 2011 947 2070 50
977 2005 1055 2084 ,Vae
1077 2003 1195 2068 misero
1218 2002 1314 2070 mihi:

173 2108 256 2173 male
279 2107 422 2192 perdidit
443 2111 519 2174 mel‘
544 2109 623 2174 satis
638 2109 808 2192 indicatur,
833 2110 910 2193 quid
925 2109 1051 2188 mirum,
1076 2108 1104 2173 si
1123 2107 1217 2189 plura
1231 2124 1315 2172 com·

172 2211 278 2293 perire
308 2213 451 2294 gestiens
482 2212 523 2278 ad
554 2213 700 2279 conservi
731 2213 1020 2298 interrogationem
1054 2211 1150 2294 ,Quid
1180 2210 1229 2276 ais
1256 2213 1315 2274 tu?

173 2316 257 2394 Quid
270 2318 349 2381 est‘r‘
374 2317 513 2398 ,Wieso‘l
536 2317 697 2383 Wasist's
713 2318 830 2384 denn?‘
854 2314 1316 2402 (Goetaa'enimemendatioue

173 2424 304 2500 recepta
314 2421 456 2502 priorem
467 2439 594 2503 quoquc
605 2426 731 2503 partem
743 2441 813 2486 cum
825 2423 917 2488 libris
925 2420 1118 2504 Thesprioni
1129 2417 1315 2500 tribuimus)

173 2523 395 2605 respondendo
419 2529 495 2589 tunc
517 2543 642 2608 quoque
665 2525 855 2608 supersedet
884 2531 917 2592 et
938 2526 1023 2590 illico
1052 2524 1193 2607 pretium
1214 2541 1316 2588 novae

172 2627 298 2709 puellae
320 2633 414 2710 rogat
438 2628 541 2712 (,Was
563 2629 635 2694 ist's
659 2629 742 2694 denn
765 2629 919 2695 vielmehr
941 2630 1001 2694 mit
1023 2629 1091 2708 der,
1120 2628 1172 2694 die
1196 2627 1239 2692 du
1261 2645 1316 2708 gc-

172 2728 265 2795 kauft
279 2730 419 2814 hostib?
442 2732 512 2800 Hoc
535 2734 619 2799 enim
639 2733 668 2798 ei
683 2733 887 2816 potissimum
903 2739 962 2814 est,
987 2732 1137 2817 quoniam
1153 2751 1192 2798 cx
1206 2731 1316 2813 priore

172 2835 331 2917 emptione
358 2836 422 2900 iam
445 2837 525 2903 satis
556 2837 626 2903 heri
656 2835 877 2904 difficultatem
910 2837 1126 2904 numerarium
1157 2836 1317 2918 cognitam

173 2936 274 3004 habet
296 2958 399 3022 neque
421 2941 551 3024 ignorat
573 2942 662 3008 illum
685 2942 718 3006 in
741 2941 899 3024 angustiis
915 2939 1113 3024 quibuslibet
1135 2939 1252 3006 futuris
1275 2936 1316 3004 ab

172 3042 242 3125 ipso
273 3044 426 3109 auxilium
458 3045 679 3128 secundosque
709 3063 818 3110 rerum
848 3049 1024 3127 proventus
1056 3049 1317 3127 exspectaturum

172 3165 253 3212 esse.
300 3147 388 3226 Quae
418 3168 495 3214 vero
526 3147 585 3214 hac
616 3149 655 3234 de
678 3167 714 3214 re
746 3149 919 3232 comperit,
955 3154 1021 3212 tarn
1045 3148 1153 3214 tristia
1181 3166 1219 3212 ea
1242 3151 1318 3212 sunt

172 3257 269 3333 atque
292 3251 425 3335 lubrica,
449 3259 486 3318 ut
507 3253 612 3318 animo
635 3252 738 3318 fracto
762 3253 934 3318 exclamet:
964 3252 1030 3332 ,ihr
1051 3249 1314 3338 Unsterblichenl

172 3355 244 3421 Wie
259 3357 341 3422 doch
363 3353 418 3421 bin
440 3357 492 3422 ich
515 3357 617 3422 einem
635 3357 740 3440 Ktnig
763 3356 867 3439 gleich
887 3355 1057 3438 gestdrztl‘
1081 3354 1317 3436 etThesprioni

174 3459 213 3524 ob
237 3460 285 3524 rei
308 3459 539 3526 obscuritatem
562 3461 665 3526 denuo
688 3461 832 3542 roganti:
856 3460 943 3540 ,Was
965 3459 1041 3524 hast
1062 3458 1106 3523 du
1129 3458 1212 3523 denn
1235 3461 1315 3523 nur?

174 3562 260 3628 Oder
283 3563 400 3644 sprich,
424 3581 489 3628 uas
504 3564 547 3629 ist
567 3564 650 3628 denn
664 3563 834 3646 geschehn
858 3563 1044 3646 Epidicus‘l‘
1068 3561 1179 3628 dolore
1200 3561 1317 3626 ardens

172 3667 261 3732 illam
283 3685 393 3732 vocem
415 3667 526 3734 iterat:
551 3667 652 3746 ‚Weh’
675 3668 747 3748 mir,
771 3686 806 3732 er
820 3667 877 3732 hat
892 3666 976 3731 mich
991 3664 1224 3748 umgebrachtl‘
1247 3663 1316 3730 Iam

173 3791 237 3838 non
264 3772 394 3855 gravari
421 3789 493 3837 eum
522 3776 674 3853 putamus
702 3776 810 3836 cetera
843 3787 995 3836 enarrare
1018 3768 1104 3854 (Ἧι.
1130 3768 1225 3834 Wer?
1248 3766 1313 3852 Ep.

173 3877 228 3956 Er,
252 3877 310 3943 der
324 3877 392 3944 sich
408 3896 462 3941 um
477 3873 661 3942 dieWaffen
672 3874 876 3958 gebrachtl‘)‚
899 3893 997 3958 quum
1012 3871 1121 3940 subito
1136 3891 1316 3940 sermonem

175 3980 367 4064 abrumpere
396 3981 425 4048 ei
453 3981 556 4048 satius
584 3980 728 4063 videtur,
763 3999 826 4062 qua
854 3978 893 4045 de
920 3998 956 4044 re
979 3978 1114 4062 atquae
1142 3995 1241 4061 supra
1263 3995 1315 4044 ex-

174 4105 324 4256 Ροὸω1311911
325 4105 361 4256 Sx
376 4188 581 4276 lot-156,
605 4207 686 4272 quos
713 4187 868 4254 Goetac'rcs
890 4187 923 4252 iu
945 4187 1039 4271 Epid.
1062 4185 1162 4272 praef.
1185 4185 1315 4271 μΧΧῙ·
