3216 5106
664 286 869 380 „22-

197 490 380 574 suspicione
411 492 491 558 adeo
523 509 585 558 non
614 509 649 557 se
677 494 889 572 resolverunt,
922 496 958 556 ut
980 492 1194 574 patrocinium
1225 509 1334 557 eorum

197 598 361 680 suscipere
383 615 484 678 paene
507 597 682 662 verendum
705 598 756 663 sit.
797 598 830 664 Si
854 597 1058 662 nihilominus
1081 597 1114 661 11
1129 596 1188 661 1111
1211 613 1336 678 quoque

196 721 233 766 re
255 701 485 782 periclitamur,
509 719 606 783 quum
629 702 706 767 locis
731 721 793 767 non
821 702 891 767 sine
921 701 1016 782 omni,
1041 701 1069 766 si
1092 701 1142 766 dis
1164 702 1280 784 placet,
1303 701 1335 766 vi

198 805 345 870 vincendi
379 804 483 870 adhuc
505 806 653 870 tractatis
680 811 748 870 tum
771 805 812 870 A.
833 805 987 888 Speapeb'
1007 805 1193 870 recensione
1220 805 1338 870 disser-

196 909 330 976 tationis
370 909 429 989 ,De
457 909 563 974 Plauti
586 909 762 974 1111111111ι
795 929 814 974 1
843 909 881 972 G.
907 907 1063 991 chcero
1092 909 1223 974 Bonnae
1253 927 1335 974 anno

200 1019 282 1080 1864
306 1013 412 1080 editae
434 1013 628 1095 impellimur
660 1013 735 1096 (vid.
760 1014 825 1078 Eos
853 1018 933 1079 1865
957 1033 987 1094 p.
1011 1012 1094 1094 113),
1125 1011 1181 1078 ubi
1204 1013 1336 1078 deloco

196 1117 366 1184 tractando
389 1117 511 1198 scripta
533 1117 730 1182 invenimus:
767 1117 868 1198 ,Auch
891 1118 948 1182 der
972 1098 1109 1199 Anhang
1138 1115 1219 1182 uber
1241 1117 1335 1198 Epid.

195 1223 237 1304 Π,
251 1227 279 1303 2,
293 1226 333 1286 38
356 1219 534 1302 iiberzengt
562 1220 652 1286 nicht
675 1222 745 1286 etc‘.
791 1223 859 1304 Age
883 1221 1130 1302 consideremus
1158 1240 1235 1286 num
1262 1221 1336 1288 doc-

196 1327 341 1392 tissimus
364 1326 414 1391 vir
437 1325 483 1391 ita
504 1329 592 1390 recte
615 1325 823 1391 recensuerit.

283 1431 405 1496 Eorum
439 1430 532 1508 enim,
567 1430 621 1510 qui
656 1449 684 1494 v.
703 1434 764 1495 229
789 1449 857 1512 sqq.
893 1431 1021 1497 omnino
1056 1436 1092 1495 11
1125 1430 1336 1512 interpolatos

197 1536 305 1602 delere
319 1537 440 1616 volunt,
470 1533 509 1597 G.
530 1533 710 1616 anncras
733 1535 752 1598 l.
771 1553 796 1599 1.
814 1554 852 1615 s,
876 1554 971 1616 quem
986 1554 1099 1600 rursus
1115 1536 1148 1600 in
1164 1535 1212 1600 ed.
1229 1535 1335 1600 Aulul.

196 1637 376 1724 (Canterb.)
406 1657 480 1720 pag.
501 1643 559 1702 129
589 1657 660 1702 ann.
692 1637 733 1702 ad
755 1657 784 1702 v.
800 1643 861 1702 471
880 1657 947 1720 sqq.
972 1638 1124 1718 defendit,
1157 1646 1190 1705 11
1213 1639 1335 1720 primus

196 1749 230 1808 et
252 1743 340 1808 solus
363 1761 432 1808 rem
455 1741 618 1808 subtiliter
640 1747 829 1824 persecutus
853 1748 912 1824 111,
936 1743 1145 1825 quippeeuius
1168 1761 1336 1824 argumen-

197 1849 249 1929 tis,
274 1847 359 1930 quod
380 1865 439 1912 nos
462 1846 590 1927 quidem
624 1847 847 1928 comperimus,
881 1852 1061 1912 ceterorum
1093 1867 1186 1914 nemo
1220 1866 1336 1914 novum

198 1952 370 2034 quidquam
394 1950 565 2016 addiderit.
600 1951 711 2032 Neque
734 1949 859 2032 desunt,
884 1969 965 2032 quae
988 1955 1076 2016 recte
1090 1951 1149 2016 ille'
1166 1952 1336 2032 monuerit,

196 2073 387 2140 quamquam
410 2055 443 2118 in
466 2054 758 2136 ipsoquaestionis
781 2055 919 2136 cardine,
943 2059 980 2120 11
995 2055 1042 2119 ita
1057 2055 1169 2134 dicam,
1193 2073 1262 2120 rem
1278 2073 1337 2120 acu

196 2182 258 2227 non
281 2161 401 2242 tetigit.
439 2158 521 2224 Nam
539 2158 623 2240 quod
641 2177 714 2240 pag.
733 2163 772 2224 33
797 2157 927 2224 scribit:
952 2159 1080 2240 ,Mirum
1096 2163 1155 2239 est,
1178 2159 1337 2224 neminem

196 2267 300 2331 adhuc
323 2263 598 2342 animadvertisse,
631 2282 726 2344 quam
749 2263 931 2345 importune
961 2264 1017 2328 illa
1044 2263 1084 2328 de
1106 2266 1337 2326 contractarum

196 2370 274 2434 luxu
305 2368 461 2450 expositio
492 2367 544 2432 hic
575 2367 618 2432 sit
646 2367 788 2432 intrusa:
823 2368 875 2432 hic
905 2369 988 2434 enim
1017 2387 1080 2434 111
1112 2367 1151 2433 11
1181 2367 1336 2432 matronis

198 2475 301 2555 deque
324 2491 434 2538 aarum
462 2472 540 2537 luxu
564 2489 668 2538 sermo
700 2474 900 2553 111111.ι
932 2473 1032 2538 totius
1062 2472 1124 2538 loci
1153 2477 1336 2537 contextum

197 2578 380 2660 percepisse
411 2576 540 2642 videtur
572 2580 609 2640 ut
638 2575 693 2657 qui
722 2576 861 2640 minime.
915 2576 998 2653 Quid
1029 2577 1135 2640 enim?
1180 2577 1339 2642 Graviora

197 2685 386 2764 argumenta
416 2680 645 2762 desideramus,
682 2678 801 2762 quibus
832 2685 1052 2746 matronarum
1089 2681 1248 2744 luxuriem
1278 2679 1338 2744 hoc

195 2787 266 2852 loco
302 2785 479 2867 perstringi
518 2788 727 2864 monstretur,
767 2803 862 2866 quam
896 2803 978 2866 quae
1012 2783 1192 2868 qurrerccs
1226 2783 1339 2849 attulit

197 2888 356 2956 scribens:
387 2889 432 2967 ,Si
460 2889 532 2970 quis
554 2907 631 2954 vero
664 2907 692 2953 v.
712 2894 750 2953 51
779 2889 826 2954 ita
848 2889 993 2971 accipere
1015 2888 1163 2967 voluerit,
1194 2887 1335 2969 111111ι

197 2993 347 3057 universe
369 2991 517 3064 dicantur
538 3011 641 3074 neque
664 2993 730 3058 sint
751 3012 811 3075 pro
834 2993 991 3074 ,maritis‘,
1015 2993 1044 3058 ei
1061 2992 1198 3074 simplici
1213 2992 1338 3056 ratione

198 3113 366 3162 occurrere
389 3113 569 3177 possumus.
615 3097 697 3162 Nam
720 3097 885 3180 patagium
914 3101 965 3162 est
988 3097 1105 3175 clavus,
1133 3115 1227 3178 quem
1251 3095 1338 3160 solae

197 3206 364 3267 matronae
386 3199 530 3266 vestibus
553 3201 621 3266 1111
644 3199 849 3284 adhibebant,
872 3201 1059 3266 meretrices
1082 3217 1196 3283 gerere
1218 3199 1338 3264 vetitae

198 3311 300 3387 crant,
331 3305 369 3372 ci.
393 3305 570 3388 Boettc'pcrc'
599 3304 749 3371 Sabinam
772 3327 802 3390 p.
821 3311 881 3372 359
907 3311 1024 3372 11371
1048 3325 1079 3372 n.
1097 3307 1138 3370 3‘.
1184 3304 1275 3370 Hanc
1305 3303 1338 3368 11

191 3431 265 3476 rem
288 3411 316 3476 si
337 3409 519 3476 accuratius
535 3410 736 3492 inquirimus,
760 3411 800 3475 ab
816 3411 908 3476 initio
924 3411 1091 3476 Plautinae
1107 3410 1224 3476 aetatis
1239 3408 1338 3491 prisci

197 3532 302 3580 mores
332 3519 408 3580 sunt
434 3514 611 3595 repetendi,
640 3514 715 3580 dum
744 3514 851 3596 aliqua
873 3515 923 3580 vel
951 3533 1060 3580 rerum
1089 3515 1141 3580 vel
1166 3513 1338 3580 verborum

144 3606 147 3612 ’
197 3618 445 3684 inconcinnitate
468 3619 718 3700 interpolatores
745 3619 777 3684 in
804 3637 932 3688 scenam
958 3623 1125 3700 grassatos
1148 3636 1220 3682 1111
1246 3616 1338 3684 nobis

197 3723 467 3804 persuaserimus:
491 3742 564 3788 nam
580 3722 612 3786 in
627 3722 743 3802 Plauti,
761 3727 798 3788 ut
812 3723 908 3805 vulgo
924 3727 1067 3804 putatur,
1084 3719 1194 3786 fabula
1210 3740 1338 3803 suspec7

197 3831 249 3892 tos
272 3845 385 3892 versus
407 3827 595 3892 invenimus.

284 3932 390 4015 Atque
412 3933 551 4014 primum
573 3930 701 4012 quidem
717 3931 954 3998 concedendum
977 3935 1027 3996 111
1041 3931 1148 3996 Plauti
1172 3949 1249 3996 aevo
1273 3931 1338 3995 dis-

198 4037 396 4118 crepantiam
423 4037 511 4102 illam
540 4033 670 4102 habitus
697 4037 885 4102 matronalis
916 4035 1166 4117 meretriciique
1181 4035 1336 4117 viguisse;

197 4157 271 4206 nam
294 4141 356 4206 etsi
386 4146 475 4206 certa
502 4141 619 4206 desunt
646 4141 695 4206 rei
723 4139 912 4206 documenta
939 4159 997 4204 nec
1026 4139 1106 4204 satis
1133 4139 1243 4220 liquet,
1275 4158 1338 4220 qua

192 4244 269 4328 ‘lege
296 4244 428 4310 cancelli
458 4244 505 4310 illi
532 4245 598 4310 sint
623 4244 732 4326 positi,
761 4243 816 4326 qui
842 4250 958 4328 postea
986 4241 1106 4308 saeculi
1132 4240 1339 4324 improbitate
