3216 5106
763 303 804 364 47
838 390 888 396 .-

213 528 326 576 recens
349 509 530 590 indagasse,
558 507 747 590 priusquam
776 509 880 574 altera
908 505 1021 572 fraude
1048 505 1197 572 instituta
1224 506 1354 572 arcendi

215 616 285 682 eius
312 613 488 680 necessitas
517 631 609 678 servo
632 613 792 695 apparuit,
823 614 888 678 iam
915 631 978 677 non
1003 609 1154 693 habebat,
1178 630 1240 693 quo
1264 610 1355 678 fatali

215 719 327 784 militis
350 716 500 782 adventui
529 722 722 797 occurreret,
751 718 878 782 etiamsi
901 717 1046 797 volebat3
1076 720 1109 781 et
1130 735 1167 782 re
1189 735 1267 782 vera
1288 721 1355 782 tarn

214 823 323 906 iniquo
346 825 506 886 momento
529 821 584 885 ille
606 821 768 901 adventat,
793 827 829 886 ut
851 839 943 886 uerno
965 839 1029 885 nou
1052 820 1173 886 sentiat
1187 820 1355 902 Epidicum

215 927 265 994 rei
287 931 429 992 autnon
451 931 508 991 aut
530 924 654 991 frustra
675 926 889 1008 prospexisse.
936 925 1086 990 Ceterum
1109 924 1355 1009 Lorzprobrc‘um

215 1051 331 1114 rogare
347 1031 452 1112 velim,
475 1049 613 1112 quonam
636 1031 730 1098 modo
754 1032 824 1116 ipse
846 1030 976 1096 fraudes
999 1030 1084 1096 servi
1107 1030 1140 1096 in
1155 1031 1257 1096 lucem
1280 1049 1355 1112 pro·

215 1137 341 1202 laturus
364 1135 417 1216 sit,
441 1135 469 1200 si
492 1135 597 1200 omnia
625 1135 699 1201 huic
727 1154 882 1218 prospere
910 1135 1079 1200 eveniant?
1122 1134 1214 1200 Licet
1243 1153 1355 1201 servus

216 1245 309 1306 caute
341 1240 401 1304 hoc
436 1257 563 1322 quoque
596 1240 809 1323 prospexerit,
836 1261 945 1303 numa
973 1245 1059 1305 certe
1082 1257 1174 1304 secus
1201 1239 1356 1322 procedat

216 1363 347 1412 necesse
369 1347 429 1426 est,
453 1344 486 1408 in
509 1363 610 1426 eoque
625 1345 797 1411 discrimen
820 1346 961 1428 positum
977 1345 1131 1424 uidemus,
1155 1343 1240 1426 quod
1262 1344 1355 1409 miles

216 1447 430 1532 Periphanem
451 1446 676 1530 fidicinamque
699 1436 855 1530 convenit,
884 1449 952 1514 sive
980 1465 1093 1514 servus
1122 1448 1196 1514 huic
1223 1449 1271 1514 rei
1298 1446 1355 1514 ob-

216 1556 358 1620 luctatus
381 1559 440 1635 est,
464 1553 532 1618 sive
554 1572 627 1618 non.
666 1553 758 1632 Quod
781 1553 820 1618 de
835 1553 963 1619 fidicina
985 1553 1096 1618 attulit
1109 1554 1356 1636 Acropolistidis

218 1657 370 1724 domicilii
392 1657 516 1739 ignara,
544 1657 652 1722 nescio
681 1677 721 1722 au
750 1659 820 1741 ipse
847 1677 911 1724 non
937 1662 1032 1740 putet
1056 1658 1191 1723 militem
1218 1664 1356 1724 amamm

216 1763 356 1846 puellam
388 1759 499 1827 ubiubi
533 1761 577 1827 sit
610 1768 816 1844 quaerentem
849 1763 1035 1844 diligentius
1069 1781 1164 1844 quarn
1197 1761 1357 1830 fidicinam

217 1867 361 1948 quamvis
390 1866 524 1931 amicam
552 1865 604 1950 (cl.
629 1885 657 1931 u.
677 1866 752 1948 504)
781 1867 870 1932 illam
892 1867 1114 1948 investigasse.
1146 1903 1188 1914 -
1217 1868 1255 1932 Iu
1283 1869 1356 1934 aliis

216 1971 296 2036 locis
309 1969 538 2054 Lamprebrdns
552 1971 593 2036 de
608 1971 682 2036 lana
697 1972 829 2054 caprina
844 1971 1028 2054 certauitss)
1051 1991 1115 2037 non
1136 1971 1242 2037 minus
1260 1989 1356 2055 quam
1486 2021 1489 2026 -

222 2074 255 2140 0.
278 2075 323 2140 H.
347 2074 498 2156 Weisa'us,
529 2076 584 2158 qui
613 2093 803 2158 quamquam
833 2075 854 2140 l.
871 2095 896 2140 s
915 2095 940 2141 s.
971 2076 1095 2159 aliquot
1124 2076 1157 2141 in
1188 2076 1355 2144 versiculis

219 2185 343 2246 rectum
366 2179 529 2245 diuinatus
553 2183 603 2244 est
626 2217 666 2226 —
691 2177 729 2244 cf.
753 2198 782 2244 v.
803 2184 874 2260 110,
899 2185 972 2258 599,
997 2184 1070 2260 632,
1097 2178 1235 2246 sonasse
1259 2181 1356 2246 etiam

219 2289 291 2367 643,
315 2283 371 2350 ubi
395 2287 488 2363 ,tace‘
512 2302 622 2349 vocem
644 2283 776 2350 offendit
798 2282 993 2368 aSepfferto
1021 2283 1134 2369 (Burs.
1149 2284 1251 2351 annal.
1264 2285 1357 2350 XXII

219 2409 250 2472 p.
268 2389 322 2472 79)
338 2393 371 2454 et
392 2387 545 2471 Ussinqc'o
562 2388 594 2452 in
616 2389 688 2452 cole
710 2388 922 2469 emendatam,
946 2389 979 2453 in
1001 2389 1088 2452 valet
1108 2387 1222 2456 abillo
1243 2389 1353 2455 Grata.

219 2495 268 2560 ed.
301 2492 429 2558 Curcul.
460 2512 490 2574 p.
507 2493 626 2574 XVlll;
660 2511 852 2576 quamquam
880 2511 938 2559 nos
962 2493 1096 2559 sanandi
1126 2493 1188 2558 loci
1217 2479 1356 2562 necessi-

218 2601 318 2663 tatem
340 2594 522 2662 absolutam
543 2616 607 2662 non
629 2598 773 2664 videmus
796 2635 848 2679 -,
872 2597 904 2662 iu
927 2597 1021 2680 longe
1036 2598 1182 2680 plurimis
1204 2617 1357 2680 perverso

218 2701 336 2767 iudicio
360 2699 546 2767 ducebatur.
574 2702 609 2768 V.
627 2701 819 2790 164-165
842 2737 884 2748 -
908 2701 1078 2768 dev.107
1103 2701 1141 2768 cf.
1165 2721 1237 2783 pag.
1256 2707 1297 2767 45
1315 2739 1356 2748 -

220 2825 289 2871 cnm
302 2804 420 2870 Weisio
444 2825 698 2889 supervacaneos
721 2807 839 2872 habere
862 2806 1002 2872 animum
1024 2806 1175 2872 inducere
1197 2824 1261 2872 non
1283 2825 1357 2888 pos-

220 2927 338 2975 sumus.
383 2910 466 2976 Nam
488 2929 586 2993 quum
607 2915 704 2992 poeta
726 2911 895 2993 Epidicum
922 2916 1036 2993 postea
1057 2931 1087 2976 v.
1105 2913 1165 2976 181
1196 2929 1234 2976 ex
1257 2910 1357 2976 Chae-

219 3011 317 3078 ribuli
340 3013 433 3081 domo
450 3015 669 3098 egredientem
692 3013 799 3095 faciat,
824 3021 920 3081 autea
934 3014 1115 3097 significare
1138 3013 1277 3095 debebit,
1301 3035 1362 3082 cnr

220 3119 306 3184 illam
329 3119 515 3201 intraverim
539 3119 615 3202 quid
638 3125 746 3185 autem
768 3121 876 3202 aptius
891 3125 1046 3186 memoret
1068 3138 1182 3185 servus
1204 3139 1300 3202 quam
1322 3139 1357 3186 se

218 3223 439 3289 adulescentes
452 3223 648 3290 monitorum
659 3242 739 3322 esse,
750 3243 790 3290 ne
801 3223 888 3290 forus
901 3224 1122 3290 exambulent?
1143 3224 1217 3289 Non
1230 3225 1359 3307 ignorat

218 3329 347 3412 quidem
378 3327 611 3411 Stratippocles
643 3329 704 3394 sibi
732 3329 906 3394 cavendum
940 3347 1023 3409 esse,
1051 3347 1091 3394 ne
1118 3329 1204 3412 patri
1232 3329 1358 3394 obviarn

218 3432 275 3498 fiat
298 3435 340 3517 (v.
359 3435 427 3516 70);
452 3439 496 3515 at,
519 3453 650 3516 quaeso,
673 3434 728 3500 ubi
751 3452 865 3499 servus
887 3452 942 3499 eos
965 3432 1118 3499 offendit?
1152 3434 1273 3515 Aperta
1295 3433 1357 3512 via,

219 3544 294 3603 ante
317 3537 507 3619 Periphanis
531 3539 626 3604 aedes
650 3538 884 3620 colloquuntur,
908 3536 963 3602 ubi
986 3557 1026 3604 ne
1049 3557 1159 3603 asene
1176 3538 1358 3619 oppriman-

219 3649 273 3708 tur
294 3643 474 3725 periculum
496 3648 547 3708 est
568 3641 874 3708 manifestissimum.
920 3641 1176 3708 Consentaneum
1199 3661 1276 3724 ergo
1299 3661 1358 3724 pu-

219 3754 325 3812 tamus
348 3748 517 3830 Epidicum
540 3766 596 3813 eos
618 3765 759 3826 monere,
787 3765 828 3812 ne
850 3747 968 3812 iterum
990 3747 1055 3812 tale
1084 3746 1261 3828 periculum
1284 3745 1359 3812 sub-

220 3857 304 3935 eant,
328 3853 521 3934 praesertim
543 3871 640 3935 quum
663 3853 732 3917 eius
760 3856 797 3915 ut
818 3851 913 3916 electi
936 3851 1094 3918 adiutoris
1116 3851 1289 3934 plurimum
1311 3851 1359 3916 in-

220 3957 328 4038 tersit,
350 3977 390 4022 no
414 3957 491 4040 quid
514 3957 659 4040 ineptum
681 3955 739 4021 fiat
761 3954 815 4039 (cf.
840 3974 891 4037 qu.
916 3975 981 4039 seq.
1006 3955 1249 4038 1111113201-
1274 3955 1359 4033 Quo-

219 4060 314 4125 modo
329 4080 359 4126 r.
375 4059 448 4134 207
467 4079 552 4148 sqq.
577 4060 739 4134 acciderit,
763 4065 800 4124 ut
822 4079 915 4125 senes
930 4079 1121 4144 quamquam
1143 4059 1223 4126 ioris
1238 4059 1359 4124 versati

221 4164 261 4229 de
283 4165 422 4230 militurn
445 4167 584 4232 adventu
605 4165 685 4230 nihil
708 4164 866 4245 audirent,
889 4165 949 4230 hoc
971 4165 1076 4231 minus
1099 4184 1170 4230 cum
1189 4163 1307 4228 Weisa'o
1327 4164 1359 4228 in

220 4274 336 4350 poetae
358 4269 562 4353 neglegentia
583 4289 702 4353 ponere
724 4269 867 4335 velimus.
904 4269 983 4348 Quis
1006 4273 1090 4338 enim
1112 4273 1209 4354 neget
1223 4267 1257 4332 in
1278 4265 1359 4334 urbe
