3216 5106
929 353 970 416 68

846 441 1053 450 *—

380 573 548 612 accusemus
585 556 656 625 Quid
675 556 765 611 enim?
794 555 822 610 Si
841 556 885 612 eui
902 560 979 612 recte
998 556 1135 613 monuisse
1154 558 1283 612 videntur
1301 557 1351 624 illi,
1371 557 1419 626 qni
1437 574 1505 625 quum

381 644 517 713 duplicem
534 643 611 698 illam
628 643 737 712 Epidici
756 644 946 711 quaestionem
964 645 1057 698 v.9et
1067 643 1101 699 1!
1120 649 1178 700 turn
1194 643 1372 714 Thesprionis
1391 661 1506 713 responsa

380 731 490 786 diversa
508 730 658 799 offendunt,
687 730 752 798 quid
775 731 864 800 magis
888 731 926 785 sit
950 735 1172 798 consentaneum,
1200 748 1282 799 quam
1301 731 1418 786 alteram
1435 731 1506 784 inter-

379 816 552 888 rogationem
558 817 721 885 Thesprioni
731 817 862 887 tribuere,
873 816 1062 873 valetudinem
1072 819 1189 872 alteram
1201 818 1236 872 ad
1244 817 1389 888 Epidicum
1398 820 1506 872 referre?

380 903 450 958 Nam
468 920 546 958 nemo
566 907 640 956 certe
658 902 812 971 mirabitur,
840 903 864 957 si
889 903 1023 974 Thesprio
1052 919 1160 972 quoqne
1188 903 1313 958 conservi
1338 919 1430 958 rerum
1456 919 1505 956 cou-

380 989 512 1045 ditionem
531 988 680 1057 quaeritat,
697 1005 749 1043 nee
767 988 882 1044 fortuito
902 990 1021 1044 fortasse
1039 990 1157 1044 Plautus
1182 1007 1208 1045 v.
1227 991 1244 1044 9
1262 989 1375 1059 scripsit
1399 989 1468 1060 ,quid
1484 995 1507 1043 ta

380 1077 461 1147 agis?
480 1077 498 1132 i.
515 1091 538 1130 e.
556 1075 619 1129 Nun
638 1075 695 1130 will
714 1075 757 1129 ich
776 1075 847 1129 ancli
864 1075 958 1145 boren,
977 1092 1034 1130 was
1053 1077 1090 1131 du
1109 1076 1226 1130 treibst}
1263 1075 1338 1144 Quae
1358 1075 1407 1144 qui
1423 1076 1506 1144 proba-

381 1163 462 1233 verit,
492 1162 515 1217 is
534 1161 652 1231 priorem
676 1161 866 1230 quaestionem
890 1179 951 1218 cum
975 1162 1137 1232 insequente
1162 1162 1339 1232 responsione
1370 1163 1406 1230 (v.
1424 1161 1505 1218 9-12!

380 1249 498 1304 secundo
515 1249 574 1302 loco
589 1252 652 1317 post
662 1265 688 1302 v.
699 1247 732 1302 19
751 1254 844 1318 ponet,
863 1263 915 1318 quo
935 1250 1053 1304 alterum
1070 1249 1139 1304 illud
1158 1247 1270 1304 dubium
1288 1250 1322 1304 de
1341 1267 1368 1304 v.
1379 1247 1413 1304 13
1431 1254 1507 1303 ortum

381 1335 518 1390 commode
538 1332 716 1403 infringatur,
736 1347 818 1402 quum
836 1333 877 1388 ita
887 1333 960 1389 haud
979 1334 1035 1390 seio
1055 1350 1178 1390 anuemo
1198 1334 1389 1390 festinationis
1406 1332 1506 1388 mentio-

381 1437 443 1476 nem
463 1425 495 1475 ut
513 1418 737 1488 intempestivam
757 1433 853 1474 serove
872 1420 977 1474 factam
994 1421 1174 1492 perstringat.
1193 1451 1227 1460 —
1249 1421 1309 1475 Iam
1326 1425 1420 1475 utram
1436 1419 1506 1474 inter·

380 1507 563 1578 rogationem,
582 1512 675 1560 utrum
692 1521 853 1575 responsum
863 1507 978 1576 Epidico
997 1507 1169 1563 vindicabit?
1199 1507 1279 1562 Illius
1298 1506 1415 1576 rapinae
1432 1521 1506 1574 neque

381 1599 446 1650 ante
465 1609 516 1648 nec
530 1598 593 1661 post
616 1609 670 1646 uno
693 1594 776 1647 verbo
801 1599 964 1663 tanguntur.
1000 1594 1132 1664 Epidicus
1158 1599 1254 1648 contra
1277 1609 1346 1663 quae
1372 1593 1427 1648 iarn
1449 1609 1506 1646 con·

380 1680 464 1749 misit,
493 1697 554 1735 curn
576 1679 705 1734 universo
735 1680 847 1734 fabulae
870 1687 1033 1750 argumento
1058 1688 1116 1736 tam
1139 1686 1200 1736 arte
1226 1681 1385 1750 cohaerent,
1413 1685 1443 1734 nt
1465 1696 1507 1732 non

380 1767 504 1836 ineptum
522 1765 652 1820 videatur
671 1767 820 1821 concedere
838 1767 910 1821 hune
929 1767 1018 1836 ipsum
1037 1767 1244 1838 magniloquum
1262 1766 1330 1821 illud
1353 1765 1441 1836 ,rapio
1458 1781 1506 1834 pro-

382 1854 483 1922 palam‘
502 1856 566 1920 post
584 1851 691 1906 fraudis
711 1853 877 1908 novissimae
901 1859 1065 1924 proventum
1083 1855 1180 1909 decere
1204 1869 1285 1922 qnam
1303 1855 1430 1909 maxime.
1462 1851 1507 1905 Nec

381 1939 487 2007 mirum,
506 1938 530 1994 si
547 1938 680 2008 Epidicus
699 1940 805 1995 fraudis
823 1940 975 2011 iactatione
997 1958 1046 2010 pro
1069 1942 1133 1996 hero
1152 1947 1298 2010 susceptae
1321 1941 1411 2010 ipsius
1432 1955 1507 1993 recor-

381 2025 462 2080 datus
482 2025 619 2096 extemplo
638 2025 807 2096 interrogat:
832 2027 913 2098 ,Quid
937 2028 1011 2083 erilis
1035 2033 1129 2084 noster
1146 2027 1247 2082 filius?‘
1283 2027 1447 2082 Adscribere
1464 2023 1507 2078 ian

380 2111 467 2166 liceat
484 2111 682 2167 versiculorum
700 2113 822 2168 ordinem
844 2114 1058 2170 ratiocinatione
1081 2121 1177 2170 nostra
1195 2114 1335 2170 inversum
1358 2119 1443 2182 atque
1460 2127 1508 2168 rer·

381 2199 482 2254 nacula
498 2198 596 2268 lingua
614 2199 745 2254 sermonis
763 2206 887 2255 tenorem
905 2201 1058 2257 illustrare:

426 2347 427 2350 ¹
1006 2323 1090 2392 Epid.
1109 2323 1146 2378 Di
1165 2323 1232 2377 dent
1250 2323 1321 2390 quae
1339 2321 1419 2377 velis.

484 2405 586 2460 Venire
596 2405 700 2460 salvom
710 2408 827 2477 gaudeo.
848 2409 923 2464 Thes.
935 2409 1006 2478 Quid
1017 2413 1156 2464 ceterum?
1176 2409 1259 2478 ch'd
1280 2407 1358 2475 Quod
1368 2405 1508 2462 cotdsolet:

485 2493 560 2547 Ceut
572 2491 625 2547 tibi
638 2493 757 2549 dabitur.
794 2497 869 2551 ilica.
889 2496 1014 2566 Spondeo
1041 2497 1125 2566 Epiri.
1154 2495 1243 2564 Quid?
1273 2495 1349 2550 Thea.
1368 2495 1507 2560 Meaccep-

1003 2589 1104 2652 turum,
1123 2585 1147 2638 si
1165 2581 1252 2637 dabis.

386 2685 469 2754 Epid.
489 2683 525 2739 Di
543 2685 711 2740 immortales
725 2691 754 2740 te
767 2686 924 2742 infelicent!
943 2717 978 2726 —
995 2654 1034 2743 Ilt
1051 2693 1083 2742 tu
1102 2702 1131 2742 es
1150 2685 1282 2757 gradibus
1301 2686 1459 2756 grandibus.

485 2770 555 2824 Nam
572 2774 605 2824 ut
623 2772 696 2840 apud
714 2778 825 2842 portum
843 2777 872 2828 ta
891 2773 1029 2845 conspexi,
1049 2773 1183 2828 curriculo
1203 2774 1298 2842 occepi
1316 2773 1409 2841 sequi:

486 2857 541 2911 Vix
560 2857 701 2925 apiscendi
719 2865 845 2927 potestas
863 2861 942 2915 modo
961 2860 1024 2915 fuit.
1061 2861 1136 2915 Thes.
1156 2860 1287 2914 Scurrt's.
1322 2860 1408 2928 Epiri.
1427 2858 1482 2913 Seio

487 2943 527 2997 Te
550 2945 609 2997 esse
634 2945 760 3012 equidem
783 2947 918 3002 hominem
941 2947 1096 3003 militarem.
1133 2947 1209 3002 Thes.
1233 2947 1374 3001 Audacter
1399 2941 1509 3015 quamvis

1001 3035 1100 3090 dicito!

382 3115 465 3186 Epiri.
488 3117 558 3186 Quid
582 3119 642 3173 ais?
675 3122 827 3189 perpetuen
849 3121 983 3177 valuisti!
1021 3123 1096 3177 Thes.
1127 3121 1219 3176 Varie.
1254 3121 1338 3188 opu.
1368 3121 1421 3189 Qui
1444 3115 1509 3173 varis

1005 3209 1102 3264 valent

487 3291 673 3362 Caprigenum
691 3293 829 3348 hominum
846 3298 901 3349 non
918 3295 1012 3364 placet
1029 3295 1095 3349 mihi
1112 3297 1200 3363 neque
1215 3287 1410 3363 pantherinuin
1425 3306 1510 3363 genus.

384 3382 460 3436 Tlrcs.
484 3379 555 3447 Quid
569 3379 621 3433 tibi
631 3380 672 3434 vis
684 3380 781 3450 dicam,
800 3381 853 3434 nisi
864 3381 936 3449 quod
947 3387 997 3452 est,
1013 3388 1045 3436 ut
1055 3381 1142 3436 facies
1153 3385 1276 3436 ostentat
1285 3381 1388 3450 probe?
1411 3375 1508 3450 [Hesp]

487 3465 557 3534 Quid
581 3467 635 3521 trite
658 3466 738 3534 agis?
771 3473 804 3522 ut
831 3468 925 3523 vales?
962 3469 1045 3538 Epid.
1072 3469 1234 3538 Exemplum
1258 3469 1353 3522 adesse
1377 3466 1510 3532 intellego·

1006 3557 1081 3611 ilios.
1100 3556 1246 3626 Eugepae!

488 3641 681 3710 corpulentior
698 3641 792 3696 videre
811 3648 895 3712 atque
914 3643 1042 3698 habitior.
1078 3643 1161 3712 Epid.
1181 3643 1253 3697 Huic
1271 3641 1374 3712 gratia.

385 3728 460 3782 Tltes.
486 3728 573 3796 Quam
591 3727 702 3796 quidem
719 3732 748 3782 te
766 3728 870 3784 iamdiu
889 3731 985 3800 edepol
1003 3728 1154 3800 perdidisse
1174 3728 1305 3798 oportuit.

384 3814 467 3884 Epist.
487 3815 578 3870 llinus
597 3815 652 3870 iam
670 3815 807 3872 frutificirs
825 3824 885 3870 s'um
902 3833 984 3886 quam
1002 3817 1129 3872 antehac.
1166 3817 1241 3872 ilica
1261 3815 1332 3882 Quid
1349 3812 1409 3868 ita?
1437 3807 1509 3880 1ιίΛά-

1004 3903 1092 3974 Rapio
1110 3903 1264 3973 propalam!
1279 3933 1314 3941 -

487 3987 558 4058 Quid
577 3987 652 4042 erilis
670 3994 765 4044 noster
784 3988 882 4044 iilius?
901 4019 935 4028 —
952 4021 988 4030 -
1006 4019 1039 4028 -

1004 4133 1088 4202 Epid.
1109 4131 1154 4187 Sei
1173 4130 1224 4186 mir
1242 4135 1386 4201 gegrilsst!
1572 4173 1573 4198 ,

488 4215 560 4270 Mich
580 4217 678 4288 lreuts,
698 4218 761 4272 dass
779 4221 851 4274 wohl
870 4221 906 4276 du
924 4219 1128 4290 heimgelrehrt!
1156 4221 1230 4274 Thes.
1249 4219 1318 4274 Was
1337 4223 1413 4273 sonst
1431 4213 1510 4270 uocli‘?
1572 4205 1573 4254 Ϊ

980 4349 983 4356 .
1005 4309 1088 4381 Equiti.
1106 4309 1175 4364 Was
1194 4306 1391 4381 gebrduchlieh
1408 4303 1457 4358 ist:
