3216 5106
761 262 798 324 16

204 467 356 550 revellat;
391 468 486 554 qnod,
518 469 545 534 si
569 469 655 534 socia
686 469 753 536 eius
775 468 862 535 facta
891 474 987 550 esset,
1011 473 1098 534 certe
1120 488 1281 560 nunqnam
1311 471 1343 535 in

206 579 345 639 mentem
372 574 402 639 ei
436 578 606 639 venturum
635 573 751 639 suisset
784 575 859 658 (vid.
887 574 1068 658 Leoprelor.
1098 575 1118 638 l.
1136 593 1160 639 s.
1179 595 1203 639 s.
1228 593 1258 657 p.
1280 577 1342 657 12).

205 679 376 744 Enimvero
394 677 520 760 aliquid
542 679 628 744 inest
650 679 682 743 in
699 679 838 744 dilucida
853 679 912 744 hac
927 679 1114 762 quaestione
1130 679 1214 761 qnod
1237 679 1343 760 legen-

206 788 272 848 tem
295 783 414 866 capiat:
445 793 665 848 verumtamen
692 783 742 848 vir
768 784 822 850 ille
846 783 959 849 dectus
988 802 1057 848 rem
1079 781 1172 848 nobis
1194 781 1345 866 probavit

207 888 345 954 minime.
392 887 499 969 Atque
521 888 658 970 primum
689 907 836 970 magnam
866 893 991 971 partem
1022 887 1055 951 in
1078 907 1115 953 eo
1138 887 1253 952 nititur
1275 889 1343 953 eins

206 994 256 1060 ris
279 993 534 1076 argumentandi,
551 992 636 1074 qnod
651 1011 764 1057 versus
780 992 852 1058 illes
870 997 1041 1056 314-318
1058 992 1165 1074 inique
1181 993 1343 1058 dissecans

208 1099 375 1163 consilinm
411 1097 527 1180 duplex
562 1097 724 1178 odoratur,
759 1094 815 1161 ubi
849 1115 907 1161 nec
940 1097 1029 1179 prins
1065 1098 1232 1179 qnisquam
1270 1103 1344 1162 aute

206 1202 451 1285 Lortprolua‘am
475 1221 532 1266 nec
555 1220 613 1266 nos
636 1202 828 1266 sententiam
851 1201 941 1266 hiare
965 1202 1132 1266 sensimus,

293 1307 375 1371 Nam
397 1325 494 1387 quum
525 1324 637 1370 servus
667 1306 865 1386 aliquantum
896 1307 1050 1390 temporis
1084 1307 1344 1389 consideraverit,

208 1431 269 1494 qne
292 1411 386 1478 modo
412 1409 603 1494 Apoecidem
635 1409 674 1472 de
697 1409 805 1491 puella
827 1411 1036 1494 supponenda
1059 1412 1207 1494 decipiat,
1238 1410 1343 1476 subito

207 1516 339 1582 clamat:
371 1516 417 1598 ‚Id
441 1533 566 1597 quoque
596 1513 723 1578 lrabeol‘
755 1511 901 1580 fidicinae
932 1517 1115 1597 recordans,
1147 1535 1240 1598 qnam
1272 1535 1344 1582 eon-

207 1620 323 1686 dncere
346 1639 437 1686 mane
461 1619 674 1711 aPeriphane
697 1618 804 1684 iussus
828 1625 887 1700 est,
912 1636 1038 1686 utrem
1062 1621 1201 1685 divinam
1216 1619 1344 1686 facienti

207 1725 292 1791 domi
324 1729 477 1792 cantaret.
533 1723 591 1803 ‚lla
622 1722 818 1788 conducetur
849 1729 945 1806 atque
974 1726 1002 1790 ei
1034 1723 1344 1808 praemonstrabitur

207 1848 234 1894 e.
258 1847 288 1910 q.
312 1833 349 1894 s‘
374 1847 512 1912 pergens
541 1847 575 1894 se
599 1827 709 1893 eadem
733 1827 788 1892 illa
810 1827 938 1894 fidicina
967 1829 1007 1894 ad
1038 1829 1182 1894 fraudem
1211 1847 1344 1894 usurum

207 1953 279 2000 esse
309 1933 438 2012 indicat,
475 1952 577 2014 neque
614 1931 828 2012 intellegimus
859 1933 975 2010 hercle,
1011 1933 1088 2014 quid
1118 1933 1344 2017 Larrqreltm'es

206 2039 268 2104 sibi
299 2039 378 2104 velit
408 2038 516 2102 dicens
556 2038 617 2116 ,his
647 2037 793 2102 versibus
828 2039 1027 2119 (314—31t)
1063 2038 1102 2102 de
1136 2038 1343 2102 conductione

205 2161 340 2226 prorsus
365 2143 468 2207 aliena
491 2162 595 2208 sermo
624 2146 674 2206 est
697 2143 768 2206 ete‘
813 2143 1011 2225 Periphanes
1035 2142 1165 2221 scilicet,
1197 2143 1252 2226 qni
1274 2141 1343 2206 iidi-

207 2247 311 2312 cinam
335 2247 469 2312 conduci
492 2247 589 2312 iussit
612 2284 652 2292 —
676 2265 779 2327 neque
802 2246 940 2312 interest
969 2247 1064 2312 huius
1084 2247 1229 2312 mandati
1252 2266 1344 2328 prae·
1435 2285 1439 2293 ·

206 2358 297 2416 terea
312 2352 398 2417 nulle
415 2352 484 2417 loco
509 2353 703 2418 mentionem
718 2350 788 2415 fieri
805 2389 847 2396 --
863 2371 926 2416 non
942 2352 1048 2434 potuit
1064 2371 1156 2418 servo
1174 2353 1342 2434 imperare,

206 2462 242 2522 ut
264 2457 403 2538 aliquam
428 2457 630 2536 conduceret,
660 2474 741 2536 qnae
769 2460 908 2536 emptam
936 2474 971 2520 se
994 2456 1162 2528 simularet
1189 2475 1343 2537 senesque

205 2559 440 2626 ludificaretur:
472 2580 533 2642 quo
562 2561 661 2641 igitur
692 2559 762 2624 inre
791 2549 1000 2640 postulemus,
1032 2565 1068 2624 ut
1090 2558 1238 2624 uersibus
1269 2559 1342 2640 illia,

206 2652 320 2747 quibus
351 2666 431 2729 nilril
462 2665 523 2729 nisi
554 2683 676 2728 merum
707 2664 793 2728 senis
823 2663 1009 2728 mandatum
1039 2663 1189 2745 refertur,
1224 2663 1343 2746 aliquid

206 2770 329 2834 consilii
352 2770 426 2834 inde
453 2768 581 2832 fluentis
604 2768 779 2832 admixtum
803 2767 865 2831 sit?
899 2767 999 2831 Immo
1023 2768 1250 2848 integerrimus
1273 2768 1343 2831 nni·

205 2893 317 2938 verens
340 2874 430 2938 loeus
453 2873 580 2937 videtur
602 2872 648 2937 ita
671 2872 870 2954 quidem‚·nt
892 2873 999 2954 priore
1030 2877 1123 2954 parte
1146 2891 1174 2935 r.
1194 2876 1342 2935 314-16

203 2997 266 3042 non
289 2977 455 3042 consilinm
479 2977 518 3040 ab
542 2976 731 3058 insequente
755 2978 954 3058 (llll-318)
985 2978 1079 3060 plane
1102 2975 1264 3040 diversum
1288 2981 1344 3040 ant

204 3082 331 3146 omnine
356 3100 414 3164 per
438 3099 473 3146 se
496 3080 633 3146 solidum
656 3079 826 3158 indicetur,
850 3081 908 3146 sed
931 3087 1093 3162 tamqnam
1117 3099 1196 3144 arrsa
1219 3079 1343 3144 fraudis

203 3186 420 3270 instituendae
443 3204 462 3250 a
485 3204 577 3250 servo
600 3183 806 3265 significetur.
853 3187 903 3250 lta
926 3203 1023 3266 quum
1046 3185 1251 3266 insequentes
1273 3204 1344 3249 ver-

203 3312 257 3358 sus
282 3294 354 3372 371,
379 3296 440 3358 375
470 3290 620 3374 apriore
645 3289 715 3353 loco
746 3294 894 3354 314-18
924 3289 1109 3370 neutiquam
1137 3286 1342 3370 abhorreant,

202 3398 366 3480 hueusque
398 3393 530 3460 dubium
552 3413 616 3458 nen
642 3398 700 3472 est,
732 3393 807 3474 quin
831 3412 943 3458 servus
967 3391 1127 3458 fidicinam
1157 3393 1197 3458 ad
1219 3392 1343 3460 fraudis

202 3502 389 3567 societatem
406 3500 567 3564 asciturns
591 3499 647 3578 sit3
671 3517 774 3580 neque
790 3516 866 3562 vero
882 3515 978 3562 causa
994 3502 1053 3578 est,
1071 3516 1127 3562 eur
1144 3516 1214 3562 eum
1230 3501 1344 3580 postea

201 3607 261 3671 lroc
284 3625 346 3672 non
363 3603 504 3670 effecisse
526 3608 685 3686 putemus,
714 3602 799 3684 quod
814 3601 1041 3686 Lamprelrrins
1064 3603 1262 3683 argumentis
1286 3601 1341 3666 ad·

205 3709 334 3778 modum
357 3709 481 3776 levibns
504 3713 684 3774 monstrare
706 3707 816 3771 voluit.

289 3813 380 3893 Quod
396 3812 480 3878 enim
496 3811 666 3893 Apoecidis
682 3811 910 3874 narrationem
928 3815 991 3873 410
1008 3829 1075 3892 sqq.
1099 3809 1141 3874 ad
1163 3829 1230 3874 rem
1256 3810 1342 3876 evin-

203 3919 334 3985 cendam
359 3937 437 3984 usus
461 3921 521 3996 est,
545 3915 631 3996 quid,
656 3932 858 3996 quaesumus,
882 3915 943 3978 hac
959 3913 991 3978 iu
1007 3932 1042 3978 re
1058 3913 1228 3996 Apoecidis
1244 3912 1343 3978 verba

202 4025 329 4090 valent?
354 4020 616 4103 snnpneissimus
640 4017 784 4100 prolecto
808 4023 841 4084 et
863 4018 1082 4099 ineptissimus
1109 4017 1203 4083 horino
1227 4017 1343 4083 inisset

202 4128 365 4210 Epidicus
390 4126 418 4192 si
434 4143 541 4190 coram
564 4122 712 4188 adiutore
728 4123 803 4188 dato
818 4122 978 4188 fidicinam
994 4123 1146 4186 astutiam
1163 4122 1342 4188 docuisset!

201 4232 301 4298 Immo
317 4230 377 4296 hec
393 4230 455 4294 iam
472 4233 635 4312 patratum
652 4228 695 4292 sit
709 4245 839 4294 necesse
856 4233 914 4309 est,
932 4227 1117 4310 prinsquam
1133 4226 1187 4291 ille
1203 4227 1342 4310 puellam
