3216 5106
735 319 772 379 19
839 405 856 410 q

184 525 296 590 Altera
319 543 357 590 ex
379 530 473 607 parte
496 525 528 588 si
550 523 713 608 Epidicus
741 543 832 587 senes
862 530 893 588 et
918 525 1154 589 adulescentem
1172 525 1322 610 propriis

183 629 255 692 suis
276 629 470 694 iteratoribus
493 649 602 694 eorum
621 630 736 713 puello
757 628 936 712 siqnidem,
959 635 1097 708 nonest,
1123 648 1179 695 cur
1195 635 1321 695 senten-

183 734 260 798 tiam
282 733 376 799 modo
393 733 582 815 explicatam
599 733 788 799 abiciamus:
813 733 852 797 de
875 754 904 798 v.
918 739 980 798 504
994 751 1061 815 sqq.
1086 753 1188 817 pauca
1203 735 1322 801 addere

182 838 289 904 liceat.
324 839 523 920 Quamquam
540 838 624 903 enim
640 838 686 903 ita
701 837 890 920 Lanprebra'
905 839 1065 903 sententia
1076 840 1111 919 ¹⁹)
1134 841 1322 921 praevalere

181 943 320 1023 videtur,
344 961 402 1008 nos
419 941 563 1007 ordinem
579 947 691 1009 tenere
713 961 776 1007 non
793 941 991 1008 dubitamus:
1015 942 1086 1008 Non
1106 943 1323 1026 imprudentia

182 1053 279 1128 atque
315 1047 525 1128 ingenuitate,
561 1047 707 1130 quamvis
741 1053 949 1129 quaerentem
982 1047 1117 1125 noverit,
1153 1049 1323 1114 commissa

182 1159 308 1216 secreta
329 1151 436 1216 fundit
450 1150 587 1230 fidicina,
612 1153 667 1217 sed
692 1150 774 1217 bono
798 1151 940 1217 consilio.
979 1149 1061 1215 Nam
1085 1151 1147 1216 etsi
1169 1153 1322 1236 Epidicus

184 1255 223 1320 de
248 1256 483 1339 Acropolistide
506 1257 585 1322 nihil
608 1275 678 1322 eam
702 1255 848 1322 docuerit
871 1254 923 1338 (cf.
938 1273 963 1319 s.
977 1272 1007 1337 p.
1026 1255 1088 1336 18),
1113 1261 1219 1322 tamen
1233 1257 1322 1323 Stra·
1378 1261 1386 1272 '

183 1363 332 1446 tippoclis
355 1363 517 1428 mentione
541 1363 646 1446 puella
669 1361 738 1427 eius
761 1359 985 1426 recordabitur
1008 1361 1049 1442 (v.
1066 1359 1141 1442 508)
1165 1363 1322 1443 simulque

183 1471 546 1536 sentietadulescentem
554 1468 675 1534 recenti
685 1485 793 1532 amore
803 1470 931 1550 captum
940 1464 1081 1546 priorem
1093 1463 1157 1529 iam
1170 1484 1208 1530 ex
1216 1467 1322 1532 animo

183 1575 325 1641 eiecisse.
365 1575 529 1640 Facillime
553 1571 890 1652 contaminamur,
914 1565 984 1632 fieri
1007 1567 1122 1650 potuit,
1146 1573 1182 1634 nt
1196 1569 1324 1636 fidicina

184 1681 211 1743 si
234 1699 295 1744 non
321 1679 491 1760 extemplo,
520 1684 626 1741 tamen
650 1679 725 1758 post
751 1671 896 1737 fraudem
919 1673 1078 1738 detectam
1101 1677 1143 1756 (v.
1161 1679 1223 1738 475
1239 1677 1322 1756 sqq.)

183 1789 343 1848 statueret
366 1802 435 1847 curn
453 1781 647 1846 inconstanti
662 1777 727 1843 filio
744 1795 900 1858 servoque
914 1774 1118 1842 fraudulento
1134 1777 1322 1844 societatem

184 1886 336 1952 dirimere
358 1906 416 1952 uec
438 1886 611 1968 quidquam
642 1885 757 1962 celare,
788 1881 981 1965 praesertim
1009 1899 1106 1963 quum
1136 1901 1174 1947 ex
1204 1903 1233 1947 v.
1259 1889 1322 1948 504

184 1991 315 2074 colligas
337 1990 605 2074 Acropolistidem
628 1987 776 2054 fidiciuae
799 1985 941 2050 amicitia
962 1985 1100 2068 quadarn
1123 1988 1323 2054 coniunctam

183 2095 293 2162 fuisse.
339 2097 430 2174 Quod
458 2101 566 2161 autern
594 2093 806 2176 Periphanem
834 2095 996 2170 tamquam
1023 2090 1175 2171 ignorans
1202 2110 1323 2158 sermo-

183 2202 319 2283 cinatur,
342 2201 422 2266 nihil
445 2201 532 2265 aliud
555 2201 601 2265 ita
623 2197 781 2283 providet,
810 2212 904 2275 quam
927 2198 964 2258 ut
986 2213 1111 2259 ornnem
1134 2214 1242 2260 rerum
1265 2215 1322 2263 uo-

183 2307 288 2371 titiam
316 2307 522 2372 dissimulans
549 2305 601 2370 vel
628 2305 759 2369 minima
786 2299 952 2364 societatis
980 2299 1087 2382 specie
1115 2299 1263 2366 elabatur
1290 2308 1323 2367 et

182 2412 318 2476 molesta
342 2411 529 2494 quaestione
557 2428 652 2492 quam
679 2410 817 2493 primum
844 2403 935 2468 finita
963 2402 1165 2486 naufragium
1193 2417 1323 2478 eterra

184 2520 317 2599 spectet.
342 2553 382 2560 —

269 2621 312 2684 m
334 2619 617 2702 quomodocunque
644 2635 696 2682 res
725 2635 759 2682 se
783 2615 889 2698 habet,
913 2621 946 2684 id
975 2619 1102 2701 quidem
1131 2619 1224 2687 nobis
1252 2623 1321 2688 erui

183 2745 245 2791 non
269 2729 378 2808 potest
408 2743 470 2790 non
503 2741 574 2788 esse
602 2721 848 2789 commodiorem
872 2725 1039 2806 rationem,
1071 2744 1134 2810 qua
1156 2732 1252 2809 poeta
1274 2747 1324 2794 sc·

182 2830 318 2894 cundam
340 2827 485 2893 fraudem
508 2827 540 2892 in
563 2827 665 2892 lucem
689 2827 841 2909 proferat.
887 2829 948 2907 Qui
972 2847 1069 2914 quum
1098 2828 1138 2895 ab
1161 2831 1263 2910 initio,
1294 2831 1322 2896 si

183 2934 260 3019 quid
282 2933 436 3010 videmus,
460 2937 633 3013 utrumque
656 2933 741 2996 servi
757 2933 863 2998 dolum
888 2940 1060 3016 aperturus
1076 2934 1129 3016 sit,
1153 2937 1321 3018 quomodo,

181 3056 384 3124 quaesumus,
401 3035 579 3116 elegantius
591 3040 687 3117 atque
698 3036 833 3102 facetius
845 3056 913 3102 rem
925 3038 1075 3103 instituat
1086 3058 1182 3123 quarn
1195 3059 1320 3124 corana,

182 3150 218 3206 ut
240 3141 294 3206 ille
316 3141 481 3222 praeclare
508 3139 548 3204 de
570 3135 699 3204 fidicina
721 3133 865 3205 fraudem
893 3140 1007 3206 edocta
1023 3160 1156 3224 sperans
1187 3145 1227 3208 ab
1250 3145 1321 3227 ipsa

182 3245 275 3309 docte
286 3243 436 3309 fallatur?
452 3243 578 3322 Quanto
591 3244 695 3308 minus
708 3263 783 3310 roro
796 3244 903 3328 lepida
915 3245 1066 3311 evaderet
1077 3244 1194 3329 fabula,
1213 3249 1240 3312 si
1249 3268 1319 3314 cum

182 3347 386 3431 Lonqrebrdo
414 3350 447 3432 (l.
473 3368 499 3413 s.
524 3367 548 3413 s.
573 3369 603 3431 p.
634 3349 683 3430 13)
711 3347 870 3414 fidicinam
898 3349 1022 3415 fraudis
1050 3351 1195 3433 ignaram
1223 3355 1320 3419 aesti-

182 3455 354 3518 maremus!
379 3491 422 3499 —
443 3453 596 3518 Fortasse
612 3471 689 3519 sane
712 3455 827 3536 aliquis
842 3454 994 3536 postulet,
1019 3461 1055 3520 ut
1076 3454 1223 3523 fidicinas
1247 3477 1320 3524 con-

181 3557 244 3621 silii
269 3557 406 3621 animive
428 3557 595 3621 conversio
619 3559 762 3642 quolibet
783 3559 853 3622 loco
877 3557 1047 3623 manifesto
1070 3565 1238 3643 appareat3
1264 3565 1321 3629 sed

181 3660 273 3726 nobis
304 3659 435 3726 dubium
466 3679 527 3725 non
559 3665 618 3742 cst,
643 3661 719 3744 quin
750 3665 933 3744 spectantes
957 3664 1103 3747 quamvis
1133 3683 1196 3730 non
1227 3668 1320 3749 plane

181 3767 295 3832 moniti
318 3771 463 3831 tenorem
490 3783 597 3830 rerum
623 3766 703 3830 satis
731 3765 964 3848 perspexerint,
994 3766 1021 3830 si
1049 3768 1177 3850 quidem
1204 3771 1320 3837 histrio

180 3871 327 3936 fidicinae
350 3889 521 3954 personam
544 3871 577 3934 in
600 3888 728 3935 servum
743 3870 873 3936 dolosae
895 3875 953 3934 aut
975 3869 1090 3936 saltem
1114 3879 1227 3940 cautae
1250 3896 1320 3942 cum

181 3983 252 4040 arte
274 3977 435 4041 tuebatur.
445 3975 486 4056 21’)
