3216 5106
295 544 465 616 personam
490 529 553 595 sibi
576 529 759 611 impositam
787 548 806 593 a
829 547 922 594 servo
945 548 1006 594 non
1031 527 1214 592 sustinere?
1244 527 1313 593 Hoc
1335 528 1436 610 igitar

296 637 325 703 si
348 635 431 700 effici
452 639 569 718 potest,
600 634 740 716 puellam
770 635 865 702 aliter
895 654 991 718 agere
1021 638 1078 697 aut
1100 637 1244 697 coactam
1275 651 1358 724 esse*
1379 641 1436 698 aut

296 740 394 806 etiam
417 739 569 819 voluisse,
593 757 688 820 quam
718 755 831 804 servus
855 743 1033 815 censuerat,
1065 735 1222 832 simulque
1245 742 1373 818 poetam
1396 756 1434 802 eo

295 845 505 926 ingeniosum,
530 862 595 908 non
619 843 762 924 ineptum
791 863 825 908 se
847 843 1061 927 praestitisse,
1085 840 1148 904 iam
1168 859 1260 906 nemo
1284 842 1356 922 erit,
1380 841 1435 923 qui

295 947 336 1014 ad
367 947 670 1013 contaminationem
701 953 757 1012 aut
785 949 1049 1016 retractationem
1081 945 1175 1028 (Ga.)
1208 945 1367 1010 decurrat.
1393 984 1434 992 -

295 1053 401 1134 Atque
424 1052 457 1116 in
478 1050 538 1116 hac
560 1070 596 1116 re
611 1069 742 1116 necesse
762 1057 813 1117 est
835 1054 867 1118 in
890 1053 995 1119 animo
1018 1049 1115 1115 fixum
1138 1057 1313 1128 teneamus,
1338 1070 1434 1133 quae-

297 1175 371 1222 nam
393 1155 547 1238 Epidicus
578 1153 738 1220 fidicinam
771 1157 925 1239 docuerit,
957 1155 1042 1239 quod
1072 1155 1146 1220 inde
1176 1156 1327 1220 universa
1356 1156 1434 1220 haec

296 1261 442 1343 quaestio
466 1257 627 1342 profluere
652 1259 789 1325 debebit,
825 1262 944 1327 Audiet
959 1260 1108 1325 videlicet
1123 1260 1179 1324 illa
1195 1259 1433 1325 adulescentem

295 1364 453 1447 quendam
477 1364 611 1428 amicam
634 1362 846 1429 liberaturum
862 1385 933 1431 esse
947 1370 1040 1447 patre
1056 1364 1166 1444 inscio,
1191 1365 1245 1445 qui
1265 1363 1353 1428 illam
1368 1363 1432 1428 filio

294 1468 509 1552 praemercari
524 1485 621 1533 avens
644 1467 690 1532 ita
707 1469 915 1552 decipiendus
938 1470 991 1550 sit,
1015 1473 1052 1532 ut
1067 1468 1138 1550 ipsa
1152 1467 1281 1532 fidicina
1297 1486 1331 1533 se
1347 1469 1433 1534 illam

295 1593 367 1640 esse
401 1578 604 1656 emptamque
645 1573 783 1655 simulet,
833 1575 907 1640 dum
947 1573 1032 1638 filius
1071 1573 1205 1638 amicam
1244 1575 1433 1641 servaverit.

297 1677 422 1743 Prioris
445 1675 569 1741 fraudis
585 1676 636 1740 vel
660 1676 774 1742 saltem
787 1679 1033 1761 Acropolistidis
1057 1678 1251 1742 mentionem
1267 1696 1323 1742 cur
1338 1676 1435 1743 faciat

296 1799 419 1862 servus,
449 1780 624 1860 excogitari
646 1800 709 1845 non
732 1787 850 1872 potest,
880 1803 977 1866 quum
1000 1783 1056 1846 illa
1080 1782 1264 1846 iamdudum
1291 1781 1435 1862 perfecta

298 1887 342 1952 sit
363 1904 422 1950 nec
451 1903 534 1949 novo
566 1884 641 1949 dolo
664 1886 710 1950 ita
733 1887 911 1968 coniuncta,
944 1887 1081 1951 utitem
1104 1886 1248 1952 docenda
1271 1887 1432 1966 videatur;

294 1991 480 2072 neutiquam
497 2007 608 2053 servos
631 1989 765 2054 militem
783 1997 849 2056 tam
864 1992 1089 2074 intempestive
1105 1991 1326 2056 advenientem
1341 2009 1434 2072 prae-

295 2093 395 2178 sagit:
420 2093 459 2158 de
483 2093 544 2158 hoc
558 2093 710 2157 nimirum
725 2095 805 2158 nihil
827 2096 992 2178 prospicit.
1028 2096 1087 2160 His
1104 2096 1204 2177 igitur
1220 2095 1302 2160 dolis
1319 2100 1436 2160 onusta

293 2197 422 2263 fidicina
437 2198 566 2262 senibus
590 2199 733 2263 traditur
749 2198 940 2282 domumque
956 2201 1057 2264 intrat
1080 2201 1121 2284 (v.
1138 2204 1198 2264 399
1214 2197 1307 2280 sqq).
1343 2199 1431 2276 Quod

293 2308 401 2367 autem
431 2307 546 2384 postea
578 2301 724 2368 fraudem
753 2304 873 2386 prodit,
908 2305 1000 2370 nobis
1039 2304 1155 2386 duplex
1189 2302 1435 2384 argumentandi

295 2407 379 2472 ratio
403 2411 534 2488 praesto
559 2411 617 2470 est.

379 2510 522 2575 Primum
544 2511 629 2576 enim
652 2511 679 2576 si
695 2513 844 2594 ponimus
870 2511 1048 2597 Epidicum
1068 2513 1218 2596 puellum
1244 2510 1431 2594 Stratippo-

293 2614 363 2696 clis,
394 2613 605 2698 Periphanes,
640 2615 814 2699 Apoecides
844 2618 984 2681 acontiae
1016 2619 1143 2699 celasse,
1175 2617 1254 2682 nihil
1286 2635 1432 2681 ererum

293 2724 410 2784 eventu
431 2720 500 2784 veri
524 2719 661 2786 similius
685 2727 736 2785 est
758 2740 852 2803 quam
869 2722 1015 2787 fraudem
1037 2720 1193 2804 patefieri.
1232 2721 1313 2786 Nam
1337 2738 1432 2802 quum

207 2911 209 2918 Ι
292 2823 349 2887 illa
375 2822 462 2888 foras
490 2823 605 2888 educta
634 2825 675 2908 (v.
694 2825 771 2907 472)
796 2825 907 2890 audiat
929 2826 1054 2908 Epidici
1085 2826 1175 2891 dolos
1202 2825 1307 2908 palam
1331 2823 1434 2888 factos

293 2944 364 2990 esse
387 2927 429 3010 (v.
444 2932 506 2991 475
521 2945 600 3010 sqq,
625 2947 707 3010 quae
729 2948 749 2993 a
770 2929 872 2994 milite
895 2930 934 2994 de
952 2929 1065 3012 priore
1088 2930 1190 2994 amica
1205 2928 1268 2993 dici
1284 2934 1317 2994 et
1331 2929 1433 3010 ipsam

293 3034 326 3094 et
348 3029 560 3112 Periphanem
583 3033 678 3114 plane
701 3031 807 3114 fugit),
833 3039 866 3098 et
888 3034 957 3114 ipse
974 3034 1167 3098 astutiarum
1190 3033 1354 3114 magister,
1379 3033 1432 3114 qui

292 3153 375 3198 unus
407 3135 436 3199 ei
467 3135 603 3202 suadere
633 3143 752 3218 potest,
784 3139 847 3202 iam
877 3137 1003 3220 pridem
1034 3157 1069 3202 se
1092 3135 1263 3202 abduxerit
1292 3138 1324 3202 in
1348 3137 1432 3202 senis

293 3237 415 3304 ditione
438 3239 568 3304 minime
591 3241 662 3305 miti
686 3242 727 3325 (v.
745 3247 808 3306 400
825 3242 907 3324 sqq.)
931 3243 1033 3324 ipsam
1057 3240 1254 3322 relinquens:
1279 3242 1350 3322 quis
1373 3245 1433 3322 est,

292 3343 346 3425 qui
370 3361 439 3408 eam
455 3343 599 3424 miretur,
624 3345 651 3410 si
668 3343 795 3410 dubitat
811 3365 966 3428 responso
982 3345 1056 3410 ficto
1073 3347 1161 3426 (post
1174 3365 1201 3410 v.
1215 3345 1291 3428 495)
1315 3346 1434 3410 sociam

292 3445 425 3526 fraudis,
458 3466 539 3528 quae
562 3449 625 3513 iam
650 3448 777 3514 detecta
800 3451 937 3530 videtur,
971 3468 1006 3514 se
1028 3450 1186 3532 prodere?
1223 3450 1313 3515 Licet
1334 3449 1435 3531 igitur

294 3554 391 3614 antea
414 3569 507 3616 seruo
523 3553 711 3633 promiserit
727 3572 762 3618 se
778 3573 849 3618 com
868 3573 905 3620 eo
922 3553 1080 3620 facturam
1096 3574 1177 3634 esse,
1201 3561 1309 3619 tamen
1325 3555 1435 3636 inepta

292 3653 462 3720 admodum
486 3661 519 3721 et
542 3657 728 3740 imprudens
753 3665 849 3739 esset,
874 3659 902 3724 si
926 3659 1051 3724 inanem
1076 3659 1184 3725 dolum
1200 3659 1285 3724 tueri
1300 3659 1433 3725 studens

293 3757 448 3842 sibiipsa
475 3763 559 3827 mala
586 3769 732 3845 pararet;
763 3781 837 3827 nam
866 3782 966 3842 ‚suam
994 3765 1129 3847 quisque
1156 3763 1251 3828 homo
1278 3783 1346 3828 rem
1369 3782 1432 3828 me-

291 3863 405 3943 minit,
440 3871 477 3930 ut
499 3866 634 3932 Plautus
658 3869 729 3950 ipse
752 3868 807 3932 ait.
842 3868 894 3932 Ita
917 3887 992 3934 vero
1008 3869 1221 3950 Periphanem
1243 3887 1271 3933 v.
1285 3875 1347 3934 495
1371 3887 1435 3933 non

292 3966 416 4033 fraudis
440 3969 683 4053 investigandae
707 3973 765 4036 sed
788 3973 838 4036 sni
861 3973 1037 4038 tentandae
1065 3991 1162 4038 causa
1184 3992 1301 4056 rogare
1328 3972 1434 4054 suspi-

292 4075 437 4156 catur,¹⁷)
461 4079 493 4139 et
516 4093 611 4156 quum
636 4077 721 4141 servi
745 4077 931 4142 societatem
955 4077 1082 4142 omnino
1106 4077 1311 4142 dissimulans
1333 4077 1434 4142 libere

292 4179 460 4262 quaerenti
484 4179 553 4244 seni
576 4180 760 4262 respondet,
784 4201 824 4246 ne
847 4181 887 4246 de
910 4181 1147 4262 Acropolistide
1170 4181 1299 4264 quidem
1321 4181 1433 4264 Epidi-

292 4303 363 4349 cum
386 4285 472 4350 tueri
498 4290 616 4368 potest,
646 4304 742 4368 quum
771 4305 875 4368 aquo
903 4291 1037 4370 rogetur
1062 4286 1156 4368 plane
1183 4286 1368 4369 ignoretffl).
1393 4323 1433 4332 —
