3216 5106
624 293 832 388 „⁵2-

156 497 288 564 ubcrius
311 515 505 582 exponemus
529 497 596 564 stili
618 517 682 564 non
706 498 958 580 similitudinem,
981 500 1039 565 sed
1055 499 1296 582 congruentiam

157 607 190 668 et
212 603 244 667 in
266 603 402 685 singulis
416 600 564 668 versibus
581 607 613 668 et
628 603 778 668 universo
795 607 947 668 contextu
962 603 1175 686 conspicuam,
1198 623 1296 670 unum

157 707 315 774 orationis
338 707 486 786 colorem,
510 707 643 774 eandem
670 705 858 772 facetiarum
880 707 1134 790 protervitatem,
1164 708 1298 774 eandem

156 813 190 878 in
212 830 249 878 re
279 811 365 878 scria
395 812 598 894 gravitatem,
631 811 765 876 candem
795 811 835 876 de
868 811 936 876 vita
969 809 1130 894 rebusque
1165 812 1297 878 summis

157 918 437 1000 existimationem,
461 935 542 998 quae
557 916 715 982 Plautinis
738 915 885 980 omnibus
901 916 1081 982 communia
1103 935 1174 982 esse
1195 917 1235 982 G.
1253 917 1294 982 A.

157 1022 319 1086 Baccarus
345 1021 365 1086 1.
384 1039 408 1086 s.
426 1039 451 1086 s.
481 1021 601 1086 diserte
632 1025 822 1103 persecutus
853 1024 912 1098 cst,
948 1020 981 1086 in
1010 1019 1145 1102 Epidico
1172 1039 1298 1104 quoque

157 1144 315 1210 apparere
329 1131 426 1208 atque
442 1125 592 1204 eminere,
616 1125 711 1190 immo
727 1125 809 1190 hanc
824 1123 965 1190 fabulam
981 1129 1160 1190 ceterarum
1182 1127 1297 1208 pleris-

157 1251 219 1315 que
246 1235 423 1313 praestare.
462 1229 573 1312 Neque
595 1247 672 1296 vero
695 1248 779 1295 nunc
794 1228 923 1311 quidem
946 1234 1006 1308 est,
1031 1247 1171 1296 currem
1185 1232 1297 1296 metri-

157 1356 226 1404 cam
256 1337 302 1402 ita
331 1340 511 1418 tangamus,
545 1339 582 1400 ut
611 1334 652 1400 de
685 1333 811 1417 Epidici
849 1337 980 1398 auctore
1017 1333 1090 1400 inde
1125 1334 1298 1422 quidquam

157 1441 341 1522 efficiamus,
358 1458 455 1523 quum
470 1439 730 1506 doctissimorum
752 1440 895 1504 virorum
919 1436 1114 1504 editionibus
1137 1442 1299 1526 quaestio-

157 1548 315 1633 nibusque
330 1546 395 1610 iam
409 1544 489 1610 satis
503 1547 717 1608 monstratum
733 1542 786 1622 sit,
802 1542 1070 1628 quemadmodum
1084 1544 1190 1610 Plauti
1205 1563 1299 1627 prae·

158 1653 278 1718 clarum
302 1649 465 1732 ingenium
487 1648 578 1714 utin
602 1647 719 1714 ceteris
742 1644 859 1712 fabulis
882 1647 929 1712 ita
952 1647 985 1711 in
1007 1647 1133 1729 Epidici
1156 1649 1299 1714 numeris

159 1757 325 1840 eligendis,
349 1753 522 1834 variandis,
546 1751 773 1835 componendis
789 1756 894 1817 certas
916 1752 1004 1834 leges
1021 1756 1167 1820 secutum
1190 1754 1299 1838 singu-

158 1863 227 1928 lare
249 1880 285 1926 se
306 1857 520 1942 praestiterit.

245 2050 401 2130 Quoniam
424 2049 524 2132 igitur
546 2047 714 2130 Epidicum
737 2065 801 2112 non
824 2047 929 2113 minus
952 2067 1049 2133 quam
1072 2048 1167 2115 allam
1190 2066 1299 2132 quam-

158 2156 207 2222 vis
229 2155 413 2220 Plautinam
446 2152 641 2218 comoediam
674 2150 829 2233 moribus,
869 2149 1002 2232 salibus
1037 2153 1189 2233 numeris,
1224 2153 1299 2218 stilo

159 2260 265 2326 Plauti
289 2278 387 2344 quum
409 2276 522 2324 aevmn
544 2262 613 2322 tum
636 2255 865 2322 facetissimum
882 2257 1044 2339 ingenium
1067 2257 1210 2340 resipere
1232 2256 1300 2322 fere

159 2383 269 2431 omnes
299 2367 479 2442 senserunt,
513 2361 637 2426 relictis
664 2361 728 2425 iam
759 2361 875 2426 ceteris
908 2362 1105 2444 argumentis
1138 2360 1235 2427 fixum
1267 2367 1301 2427 et

163 2473 321 2536 statutum
350 2467 479 2532 videtur
508 2484 567 2531 nos
597 2483 660 2529 non
690 2483 810 2544 errare,
846 2465 874 2530 si
904 2465 1018 2531 Plauto
1047 2465 1129 2531 hanc
1159 2464 1300 2531 fabulam

164 2573 319 2640 Varronis
341 2571 578 2650 ¹auctoritatem
613 2569 714 2635 secuti
748 2569 816 2634 sine
850 2569 1062 2636 haesitatione
1093 2569 1299 2636 vindicamus,

162 2679 262 2764 Atqui
287 2679 528 2760 peropportune
554 2673 688 2756 Epidico
712 2673 838 2754 accidit,
867 2678 904 2739 ut
931 2672 1106 2738 Rilscbolio'
1133 2673 1300 2756 scrupulos

162 2781 341 2848 manifestis
363 2779 562 2863 argumentis
585 2796 623 2843 ex
645 2777 751 2842 animo
775 2777 912 2844 evellere
935 2777 1040 2844 liceat.

249 2922 356 3006 Atque
378 2919 517 3002 primum
545 2917 752 2983 recordemur
779 2918 850 2982 triti
873 2918 959 2984 illius
987 2935 1100 2984 versus
1130 2917 1162 2982 in
1184 2917 1300 2983 Bacch.

161 3027 287 3106 ll,a,3u
311 3025 389 3108 (214
404 3021 556 3103 Rideat),
581 3040 644 3107 quo
666 3026 763 3102 poeta
784 3022 854 3103 ipse
869 3022 1038 3104 Epidicum
1061 3039 1152 3086 suam
1168 3021 1300 3087 summis

161 3126 310 3193 laudibus
334 3125 447 3213 effert:¹

205 3265 277 3330 Non
299 3265 363 3342 res,
388 3265 446 3332 sed
468 3271 560 3331 actor
581 3263 659 3330 mlhi
683 3283 739 3330 cor
761 3265 834 3330 odio
858 3263 995 3345 sauciam

205 3387 311 3454 Etiam
327 3352 506 3471 Epidicum,
523 3405 618 3472 quam
634 3406 693 3470 ego
709 3385 849 3453 fabulam
864 3406 966 3472 acque
981 3406 1018 3452 ac
1034 3407 1084 3452 me
1100 3387 1204 3469 lpsum
1219 3341 1299 3464 amo,

205 3492 333 3559 Nullam
357 3493 459 3577 aeque
482 3491 602 3556 invitus
626 3492 744 3573 specto,
769 3491 796 3556 si
820 3491 888 3572 agit
909 3491 1021 3557 Pellio.

246 3633 395 3714 Integros
423 3631 483 3696 hos
513 3648 627 3696 versus
661 3636 749 3697 certe
778 3631 868 3696 nulla
897 3649 933 3696 re
961 3627 1156 3696 indubium
1188 3647 1302 3694 vocare

162 3739 314 3820 cogimur.
360 3736 518 3802 Nullane?
539 3735 671 3801 Minime
693 3754 780 3801 vero.
826 3734 869 3798 K.
885 3734 930 3799 Η.
951 3733 1092 3800 Wcisa'us
1115 3752 1207 3800 suum
1232 3752 1302 3798 esse

160 3840 297 3922 putabat
319 3841 547 3924 monstrare-¹⁷)
571 3841 774 3906 doctissimos
797 3858 906 3906 omnes
922 3839 1009 3906 viros
1025 3837 1206 3906 incredibili
1222 3856 1300 3922 quo-

162 3945 235 4010 dam
258 3964 373 4027 sopore
400 3950 433 4012 et
455 3945 552 4010 animi
576 3945 791 4027 perversitate
814 3948 927 4027 captos
949 3963 1013 4009 non
1036 3941 1302 4010 animadvertisse

162 4067 259 4133 quum
281 4050 399 4114 multos
414 4049 636 4115 Plautinarum
658 4046 842 4116 fabularum
864 4049 952 4114 locos
975 4053 1043 4114 tum
1066 4051 1154 4112 tot-as
1177 4044 1302 4112 fabulas

161 4154 310 4238 interque
333 4171 387 4218 cas
402 4153 576 4220 Bacchides
599 4154 639 4219 ab
655 4154 764 4234 inepto
780 4157 877 4234 poeta
892 4154 1085 4236 compositas
1110 4169 1191 4230 esse,
1216 4149 1301 4235 quod

160 4260 245 4326 idem
268 4259 308 4324 de
323 4255 457 4338 Epidico
480 4259 631 4324 universa
654 4257 847 4324 contendere
862 4275 927 4322 non
950 4255 1118 4322 dubitavit.
1165 4253 1302 4318 Etiamsi

1200 4391 1224 4433 4.
