3216 5106
801 302 1008 396 22-

336 504 475 575 fortasse
498 506 636 574 sufficiat
658 507 699 573 ad
721 507 895 572 thscbalr'r'
921 509 1121 595 aliorumque
1148 509 1266 574 iudicia
1287 528 1472 592 provocare,

336 615 392 702 qui
410 613 537 698 iniquas
554 616 651 698 atque
665 611 763 679 falsas
779 612 979 698 quorundam
1001 614 1040 679 de
1055 614 1164 679 Plauti
1186 615 1335 696 operibus
1351 615 1473 696 opinio·

335 739 392 786 nes
408 735 531 784 summo
547 715 617 782 iure
631 717 945 800 perstrinxerunt,⁴⁸)
968 723 1076 784 tamen
1091 717 1198 783 facere
1214 737 1275 782 non
1291 736 1472 800 possumus,

337 825 414 910 quin
442 821 651 906 proferamus,
687 839 768 904 quae
799 822 839 888 de
869 823 938 889 loco
969 823 1024 888 illo
1054 821 1168 888 Bacch.
1204 821 1404 889 defendendo
1434 843 1474 889 ex

335 948 396 996 usu
418 925 523 994 sint.¹

419 1033 543 1099 Doctus
567 1031 651 1097 enim
673 1031 727 1096 ille
749 1031 843 1096 homo
870 1035 972 1096 totam
999 1036 1091 1096 actus
1113 1031 1147 1095 Π
1181 1047 1309 1096 scenam
1337 1033 1472 1098 alteram

334 1137 562 1220 interpolatam
577 1153 648 1202 esse
664 1153 722 1200 suo
738 1135 831 1200 modo
856 1135 1127 1219 (,Machtspriiche
1150 1134 1207 1200 des
1223 1135 1330 1201 Herrn
1343 1137 1472 1220 Weise‘,

334 1242 380 1306 ait
401 1238 625 1323 Ladccor‘pa'as)
648 1240 741 1305 nobis
762 1240 893 1322 planum
915 1238 1059 1306 facturus
1083 1239 1225 1321 deloco,
1256 1259 1351 1325 quem
1374 1261 1474 1324 supra

333 1346 531 1428 scripsimus,
553 1344 633 1409 haec
654 1342 722 1409 fere
744 1344 909 1426 proponit:
937 1345 1151 1410 incommodas
1179 1363 1251 1410 esse
1278 1346 1360 1411 tales
1382 1353 1472 1413 artes

333 1451 485 1529 scenicas,
510 1455 543 1514 et
565 1449 710 1532 quamvis
725 1448 913 1514 admiranda
928 1450 972 1514 sit
994 1448 1165 1515 admodum
1180 1449 1274 1530 ratio,
1298 1467 1360 1533 qua
1375 1455 1473 1533 poeta

332 1555 451 1621 actoris
474 1553 743 1636 vituperationem
765 1551 892 1618 fabulae
914 1554 1098 1636 intexuerit,
1126 1559 1233 1619 tamen
1256 1555 1471 1621 certissimum

333 1678 404 1725 esse
425 1660 531 1725 locum
553 1657 643 1723 illum
665 1677 685 1722 a
706 1657 821 1722 Plauto
848 1677 911 1722 non
934 1657 1093 1739 proficisci
1121 1658 1154 1740 (l.
1172 1676 1197 1723 s.
1215 1676 1239 1723 s.
1264 1678 1295 1741 p.
1313 1663 1353 1723 33
1369 1659 1470 1745 sqq.);

332 1782 405 1828 nam
437 1761 593 1828 malitiam
625 1762 713 1827 illam
751 1761 978 1827 alienissimam
1012 1780 1083 1828 esse
1123 1762 1162 1827 ab
1193 1763 1261 1829 eius
1296 1763 1403 1829 indole
1438 1770 1472 1828 et

331 1867 492 1933 hominem
522 1867 632 1949 pusilli
662 1865 758 1932 animi
788 1867 935 1948 prodere,
968 1867 1023 1950 qui
1054 1866 1183 1948 ingenio
1214 1867 1255 1931 ad
1279 1867 1369 1933 dolos
1393 1887 1470 1934 vero

331 1977 429 2055 poeta
459 1971 608 2052 indignos
637 1967 791 2036 abutatur
821 1971 854 2052 (l.
872 1989 897 2035 s.
916 1989 941 2035 s.
969 1990 999 2052 p.
1017 1975 1057 2036 99
1074 1970 1167 2052 squ).
1213 1971 1304 2050 Quod
1331 1972 1470 2054 primum

332 2076 375 2142 K.
390 2075 435 2141 H.
450 2075 591 2140 Weisc'as
618 2079 727 2140 censet
750 2074 967 2140 incommodas
998 2093 1069 2140 esse
1099 2075 1182 2141 tales
1204 2081 1292 2142 artes
1305 2076 1468 2156 'scenicas

332 2181 480 2267 equidem
502 2180 532 2245 ei
555 2197 694 2245 annuere
717 2197 780 2243 non
801 2197 940 2260 possum.
976 2179 1172 2262 Perstringit
1186 2185 1282 2262 poeta
1297 2182 1465 2262 scenicum,

331 2285 421 2350 cuius
444 2285 565 2350 virtute
591 2289 648 2349 aut
678 2283 757 2348 vitio
780 2281 889 2348 fabula
917 2282 1026 2348 stabat
1048 2289 1105 2349 aut
1127 2283 1276 2366 cadebat;
1311 2304 1374 2370 quo
1404 2287 1467 2352 alio

330 2389 433 2468 modo,
468 2404 671 2474 quaesumus
707 2388 737 2453 ei
766 2387 884 2453 licebat
914 2389 1134 2470 spectantibus
1164 2389 1370 2470 persuadere,
1404 2409 1467 2456 non

330 2497 454 2575 poetae,
489 2492 547 2558 sed
577 2492 695 2557 scenici
726 2491 819 2573 culpa
848 2490 989 2556 fabulam
1019 2492 1196 2558 cecidisse?
1240 2491 1303 2557 Fac
1326 2491 1467 2559 fabulam

330 2597 427 2678 illam,
462 2633 505 2643 -
538 2614 642 2682 neque
679 2599 783 2678 captio
815 2596 849 2659 in
879 2595 939 2661 boc
974 2601 1033 2676 est,
1074 2633 1118 2642 -
1151 2615 1247 2679 quum
1278 2617 1298 2661 a
1325 2597 1466 2663 Pollione

329 2702 446 2767 iterum
476 2706 573 2784 atque
602 2701 719 2765 iterum
749 2701 1001 2782 disperderetur,
1032 2719 1096 2766 non
1119 2701 1234 2767 Plauto
1265 2702 1325 2768 soli
1356 2702 1466 2785 displi-

330 2807 443 2887 cuisse,
480 2805 537 2870 sed
567 2805 665 2870 etiam
696 2804 910 2886 spectantium
940 2805 1139 2870 stomachum
1173 2807 1219 2872 ita
1246 2807 1395 2888 movisse,
1430 2813 1466 2873 ut

328 2928 438 2976 veram
472 2908 657 2974 offensionis
696 2927 825 2973 cansam
867 2910 1052 2990 ignorantes
1094 2929 1157 2975 non
1195 2913 1365 2991 scenicum,
1410 2912 1466 2977 sed

328 3013 524 3079 comoediam
546 3013 649 3094 ipsam
672 3013 873 3078 damnarent:
898 3013 969 3095 quis
992 3019 1051 3094 est,
1076 3015 1130 3099 qui
1152 3019 1281 3096 poetam
1296 3016 1465 3098 vituperet,

329 3119 357 3182 si
379 3117 595 3182 multitudinis
618 3117 799 3199 opinionem
831 3117 869 3182 de
891 3117 1024 3199 Epidico
1056 3123 1183 3200 captam
1213 3138 1341 3205 quoquo
1372 3121 1465 3186 modo

327 3222 488 3304 corrigere
516 3219 687 3286 studebat?
730 3222 939 3288 Recentiores
966 3223 1116 3288 videlicet
1137 3228 1253 3304 poetae
1273 3223 1466 3290 histrionum

327 3326 466 3408 ineptias
496 3323 701 3408 aequioribus
732 3326 846 3390 animis
875 3325 990 3406 ierant,
1019 3328 1277 3413 quandoquidem
1307 3330 1465 3394 sexcentis

328 3430 456 3494 auxiliis
479 3434 607 3495 cautum
630 3435 689 3510 est,
712 3449 752 3494 ne
776 3448 855 3512 opus
877 3430 1088 3496 admiratione
1105 3450 1180 3496 vere
1203 3432 1333 3514 dignum
1357 3433 1465 3517 iniquo
1526 3489 1529 3494 .

328 3533 445 3600 iudicio
467 3533 601 3599 laboret.
647 3535 749 3612 Quam
772 3535 868 3600 aliter
897 3534 957 3599 hoc
980 3553 1014 3598 se
1037 3533 1177 3600 babebat
1205 3537 1315 3618 priore
1338 3537 1464 3622 quidem

326 3639 487 3704 Romanae
507 3637 689 3704 comoediae
705 3643 821 3718 aetate,
846 3657 909 3720 qua
928 3657 1025 3721 quum
1048 3641 1230 3721 spectaculo
1246 3641 1316 3722 ipso
1340 3646 1464 3706 tantum

327 3741 541 3825 spectantium
564 3742 682 3808 iudicia
705 3741 802 3809 ducta
825 3743 899 3822 sint,
923 3762 1015 3808 nemo
1030 3745 1146 3810 merito
1163 3745 1250 3810 dicat
1265 3745 1464 3811 incommoda

326 3853 397 3913 arte
420 3847 545 3912 scenica
566 3845 717 3912 Plautum
739 3865 834 3912 usum
857 3865 937 3929 esse,
962 3865 1060 3929 quum
1083 3849 1248 3914 carissimo
1278 3868 1376 3931 opere
1399 3849 1463 3914 dis-

324 3949 453 4034 perdito
475 3955 643 4016 nocentem
666 3952 827 4016 scenicum
848 3951 881 4015 in
904 3953 1086 4034 posteriore
1101 3951 1211 4018 fabula
1225 3953 1465 4035 perstrinxerit,

324 4055 519 4138 praesertim
541 4072 639 4137 quum
661 4056 724 4121 alia
740 4055 932 4122 defendendi
955 4057 1081 4122 ratione
1096 4075 1230 4138 prorsus
1253 4058 1403 4122 caruerit.
1420 4094 1464 4103 -

324 4160 381 4225 Sin
409 4163 517 4224 autem
543 4159 615 4242 quis
642 4161 962 4243 intempestivitatem
996 4161 1097 4226 totius
1124 4161 1186 4226 loci
1220 4159 1371 4242 offendat,
1400 4180 1462 4244 quo

323 4263 387 4329 alio
409 4263 479 4330 loco
496 4281 608 4331 versus
631 4265 704 4332 illos
727 4266 885 4332 collocare
908 4266 1018 4330 malit?
1052 4262 1102 4330 Ab
1126 4271 1314 4348 argumento
1330 4267 1462 4332 Bacchi-
