3216 5106
813 305 832 363 8

717 389 924 398 --——.—-.

254 504 380 570 vivendi
403 504 627 586 cogitandique
648 507 791 573 rationes
806 507 954 590 producti
970 505 1159 588 legibusque
1175 508 1391 572 strictioribus

254 609 335 672 artis
358 610 502 674 scenicae
525 610 647 674 assueti
674 612 715 676 ad
738 612 844 677 rivum
872 631 1020 678 resecare
1043 617 1139 693 atque
1169 612 1249 676 adeo
1276 630 1391 692 magno

254 711 301 776 illi
329 711 452 776 auctori
480 710 664 778 abiudicare
693 716 835 795 student,
863 717 999 782 multum
1026 715 1230 796 profecturae
1258 715 1332 794 sint,
1364 715 1391 778 si

255 815 362 896 aliquo
386 816 480 880 modo
503 816 613 898 perfici
635 821 748 901 possit,
772 826 809 886 ut
832 821 996 902 eleganter
1019 819 1197 884 translatae
1220 819 1250 882 in
1267 818 1392 900 pulpita

249 923 445 983 revocentur
468 925 501 984 et
522 921 569 986 ita
590 941 629 987 eo
656 924 775 989 iudicio
799 925 1019 1003 aestimentur,
1036 923 1132 1004 ¹quod
1156 940 1254 987 unum
1276 922 1391 1003 priscis

253 1021 318 1086 illis
341 1023 543 1104 temporibus
571 1027 676 1106 poetis
704 1028 743 1092 de
771 1025 924 1110 operibus
957 1028 1024 1091 suls
1051 1025 1287 1108 respiciendum
1311 1031 1389 1090 erat.

255 1126 335 1190 Tum
359 1145 445 1208 vero,
482 1128 510 1192 si
539 1147 602 1194 non
624 1130 811 1213 legerentur
838 1132 941 1196 solum
978 1129 1170 1210 comoediae,
1206 1129 1264 1194 sed
1294 1130 1390 1194 etiam

257 1235 491 1312 spectarentur,
515 1233 649 1314 aequius
673 1234 769 1300 etiam
793 1251 902 1299 omues
925 1233 954 1298 ei
977 1233 1039 1298 loci
1060 1237 1314 1314 recenserentur,
1338 1233 1393 1315 qui

253 1351 317 1398 nun
338 1333 372 1397 in
386 1334 519 1416 Epidico
542 1341 666 1401 tautum
689 1344 756 1402 tam
778 1338 940 1404 numerosi
963 1337 1091 1402 criticos
1113 1355 1196 1401 nunc
1218 1335 1390 1416 offendunt,

254 1438 404 1522 quoniam
427 1439 474 1502 ita
495 1437 566 1504 fieri
587 1459 651 1506 non
673 1442 787 1522 possit,
811 1443 887 1524 quin
909 1445 1065 1523 appareat
1092 1441 1211 1506 multas
1235 1439 1390 1504 eiusmodi

254 1542 396 1608 maculas
419 1579 458 1590 -—
483 1543 511 1607 si
534 1545 661 1626 quidem
683 1552 759 1610 sunt
780 1583 823 1592 -
841 1553 908 1610 tam
931 1545 1109 1610 levidenses
1132 1563 1213 1626 esse,
1236 1549 1273 1609 ut
1295 1544 1391 1609 aesti-

255 1651 396 1712 mantem
427 1646 556 1728 quidem
586 1649 714 1714 laedere
743 1656 871 1731 queant,
903 1655 1085 1732 spectantes
1115 1649 1209 1730 plane
1239 1647 1390 1731 fallant.⁷)

255 1751 367 1832 Neque
389 1755 496 1814 tamen
519 1751 579 1816 hae
602 1753 762 1820 sententia
785 1755 831 1818 ita
853 1751 1031 1832 abutamur,
1056 1759 1093 1816 ut
1114 1752 1391 1833 argumentatione

253 1855 340 1920 facili
371 1853 466 1919 modo
496 1856 775 1938 supersedeamus,
807 1858 902 1922 immo
932 1842 1047 1921 Plauto
1078 1854 1256 1937 Epidicum,
1288 1856 1390 1936 qualis

253 1977 338 2025 nunc
367 1965 427 2041 est,
461 1961 618 2040 abrogare
647 1980 711 2025 non
741 1959 970 2040 dubitabimus
1006 1963 1033 2025 si
1064 1961 1261 2041 quaestione,
1296 1979 1391 2041 quam

253 2063 348 2128 modo
379 2063 561 2147 institutori
591 2084 710 2145 sumus,
747 2071 803 2130 aut
832 2065 912 2130 vitia
942 2083 1050 2129 rerum
1080 2063 1305 2146 perspicuitati
1335 2065 1390 2129 ob-

254 2173 400 2250 strepere
415 2173 472 2233 aut
485 2187 697 2250 personarum
711 2187 826 2248 mores,
851 2187 1040 2247 sermonem,
1064 2167 1197 2232 facetias
1213 2185 1291 2249 prae
1307 2173 1390 2232 cete·

229 2338 234 2350 ,
253 2272 300 2337 ris
323 2271 559 2337 comoediarum
574 2273 795 2338 Plautinarum
818 2279 885 2338 tam
908 2272 1026 2355 insigni
1048 2277 1144 2354 poeta
1166 2271 1297 2353 indigna
1320 2291 1391 2337 esse

254 2378 430 2443 evincatur.
1354 2383 1358 2392 ·

339 2479 443 2544 Multa
465 2479 609 2562 profecto
633 2481 666 2546 in
680 2479 798 2560 fabula,
823 2481 862 2546 de
878 2500 940 2563 qua
956 2481 1072 2564 agitur,
1097 2485 1172 2546 sunt
1186 2480 1390 2562 reprehensa,

253 2603 335 2668 quae
371 2584 535 2648 hominum
573 2584 740 2650 doctorum
780 2585 819 2665 ei,
867 2585 922 2666 qui
959 2590 1052 2650 erant
1089 2583 1301 2665 benigniores
1350 2583 1391 2648 ad

254 2688 558 2754 contaminationem
589 2689 819 2754 claudicantem
843 2689 893 2753 vel
923 2688 1187 2754 retractationem
1217 2687 1390 2768 interpola-

253 2791 413 2857 tionemve
435 2791 628 2873 referebant,
665 2793 720 2874 qui
750 2793 900 2870 acriores,
925 2791 1115 2873 simpliciter
1144 2787 1296 2856 fabulam
1316 2789 1390 2856 sub·

253 2897 386 2962 ditivam
408 2895 546 2978 prodere
573 2895 731 2962 dicebant.
777 2897 857 2961 Rem
887 2896 987 2977 igitur
1016 2897 1062 2960 ita
1084 2914 1324 2978 persequemur,
1354 2903 1391 2962 ut

252 3004 389 3084 primum
413 3001 454 3067 ad
477 3001 765 3080 contaminationis),
789 3019 884 3083 quam
898 3001 1019 3081 volunt,
1042 3006 1118 3066 tunc
1133 3001 1390 3083 interpolationis

253 3106 558 3188 retractationisque
573 3106 720 3188 vestigia,
744 3105 850 3188 quoad
866 3111 1048 3170 contextum
1065 3106 1244 3185 argumenti
1260 3105 1391 3170 turbare

253 3211 412 3290 ridentur,
442 3211 576 3292 propius
604 3210 811 3300 accedamus¹
833 3210 969 3292 denique
992 3209 1219 3290 compositione
1249 3210 1295 3274 ita
1318 3228 1389 3291 pcr-

253 3333 353 3398 pensa
375 3313 414 3378 de
436 3314 585 3395 personis
601 3331 748 3378 sermone
770 3313 896 3378 facetiis
919 3313 1097 3395 generatim
1112 3317 1209 3394 atque
1231 3315 1388 3394 universe,

253 3423 407 3502 quantum
431 3437 512 3500 opus
536 3418 608 3498 erit,
632 3417 730 3484 locuti
753 3437 791 3484 ex
814 3419 885 3500 ipsa
907 3419 1032 3482 ratione
1055 3415 1195 3482 fabulam
1219 3419 1390 3483 aestimare

253 3540 413 3588 conemur.

488 3694 531 3778 le
559 3694 679 3800 llpidioi
706 3693 839 3780 fabulae
868 3693 1155 3780 contaminatione.

340 3835 385 3900 Ut
407 3855 435 3902 r.
462 3841 611 3902 719-20
640 3839 947 3920 praetermittamus
977 3839 1020 3902 de
1049 3834 1165 3918 quibus
1192 3835 1255 3898 iam
1282 3831 1387 3896 Rotn-

252 3939 389 4003 lacoras
411 3959 521 4006 omnes
544 3943 712 4025 scrupulos
727 3941 898 4023 sustulit-,p
921 3941 1015 4008 affert
1029 3941 1103 4018 illis,
1126 3938 1180 4020 qui
1196 3937 1391 4002 contamina-

252 4043 373 4109 tionem
396 4063 529 4128 eamque
551 4047 655 4111 laxam
678 4047 837 4112 invenisse
854 4049 916 4113 sibi
939 4047 1097 4125 videntur,
1120 4043 1278 4125 imprimis
1294 4041 1390 4107 olien-

254 4148 376 4214 sionem
405 4149 622 4232 discrepantia
650 4151 705 4217 illa
734 4171 763 4218 v.
795 4151 866 4225 153
897 4156 931 4217 et
957 4150 1047 4234 3011,
1083 4167 1146 4231 qua
1175 4147 1266 4212 miles
1295 4145 1389 4210 modo

254 4251 415 4320 Euboicus
445 4255 538 4320 modo
568 4255 713 4323 Rhodius
743 4256 963 4342 appellatura)
1012 4254 1122 4320 Liceat
1152 4251 1280 4336 quidem
1308 4249 1390 4312 hanc
