3216 5106
877 277 919 340 64

795 361 1001 371 .-—-.-—‹

329 486 398 542 satis
425 484 523 553 liquet,
551 481 599 538 ubi
618 481 725 536 interea
743 496 837 536 servus
865 485 894 535 et
916 481 1009 549 puella
1028 483 1237 550 commorentur,
1257 479 1333 549 quid,
1361 498 1463 551 quaeso,

329 589 431 628 novum
447 568 604 638 lepidumve
622 567 815 638 spectabimus,
834 567 858 624 si
876 583 959 622 senex
978 585 1039 624 cum
1056 569 1154 622 lenone
1172 583 1231 622 rem
1244 583 1348 638 gerens
1366 568 1463 624 induci-

330 667 395 715 tur?
422 656 531 712 Iurabit
548 655 681 711 videlicet
698 656 742 710 hic
761 672 789 710 66
808 655 930 724 puellam
945 656 1162 725 venumdedisse,
1182 655 1354 724 quo'audito
1372 657 1464 712 illaad

329 747 441 804 relictos
459 745 513 800 cito
527 750 659 814 recurret,
680 760 714 800 ne
730 745 890 798 adulescens
903 744 1020 800 Athenis
1042 744 1096 800 iam
1110 760 1223 799 versans
1241 744 1345 812 (6.469)
1361 744 1464 800 1661116-

330 841 391 888 tum
402 831 546 888 consilium
558 832 593 888 ad
602 832 712 887 irritum
721 831 841 902 redigat.
864 832 951 900 Atqui
965 831 1059 888 Plauti
1074 831 1216 902 ingenium
1231 831 1268 886 ab
1286 831 1416 886 eiusmodi
1429 833 1464 888 in-

332 920 414 990 eptiis
433 917 631 974 alienissimum
658 923 708 986 est,
733 917 832 986 quibus
856 918 1046 986 spectantibus
1065 934 1107 988 ea,
1137 933 1207 986 quae
1236 917 1298 972 fore
1317 918 1465 974 iamdudum

329 1005 520 1077 perspexerint
544 1007 579 1073 (v.
597 1005 659 1072 365)
680 1010 764 1072 atque
783 1020 813 1058 re
832 1004 994 1060 6616166116
1013 1021 1073 1060 esse
1092 1037 1127 1046 -
1144 1005 1169 1060 si
1191 1004 1306 1072 quidem
1323 1021 1407 1060 senex
1427 1007 1462 1060 le-

331 1109 429 1150 nonem
443 1091 514 1147 adiit
530 1121 565 1130 —
580 1091 686 1146 11661116
707 1097 810 1146 666616
825 1091 949 1146 sentiant
968 1096 1003 1158 (6.
1013 1093 1085 1160 396),
1104 1091 1215 1161 integra
1230 1107 1316 1146 scena
1332 1081 1367 1146 ob*
1380 1094 1464 1148 oculos

331 1186 481 1250 ponantur,
499 1195 554 1234 non
571 1178 730 1234 mirabimur
748 1178 845 1248 igitur,
864 1179 888 1232 si
906 1179 984 1234 nobis
1003 1178 1156 1248 continget,
1175 1183 1207 1232 ut
1223 1179 1377 1234 efficiamus
1386 1183 1464 1250 Apoe-

332 1268 482 1322 1611666116
501 1269 626 1335 temporis
643 1266 786 1320 intervallo
805 1283 864 1320 6616
883 1267 975 1320 lenone
994 1283 1162 1336 conpressam
1180 1280 1253 1320 66666
1272 1285 1335 1322 esse.

339 1395 342 1402 ,
401 1356 434 1410 V.
452 1354 503 1412 291
522 1353 773 1422 enim'Periphanes
792 1369 871 1408 servo
882 1352 1048 1421 Apoecidem
1067 1353 1222 1408 adiutorem
1241 1356 1305 1424 dut,
1326 1354 1464 1410 cruminam

332 1443 443 1511 quidem
460 1441 592 1510 Epidicus
612 1440 711 1496 callide
730 1445 848 1508 occupat
868 1445 903 1504 (6.
922 1439 993 1508 291),
1018 1440 1066 1494 sed
1084 1441 1135 1496 hoc
1158 1442 1193 1496 ad
1212 1442 1342 1496 fraudem
1359 1445 1465 1496 nonest

332 1528 516 1598 potissimum
540 1545 604 1584 nam
622 1544 705 1596 quum
729 1527 827 1597 omnia,
853 1543 923 1594 quae
946 1543 1007 1582 cum
1025 1528 1123 1582 lenone
1148 1529 1259 1598 agenda
1282 1529 1394 1584 senibus
1410 1543 1464 1596 pro-

332 1616 420 1686 ponit,
439 1629 531 1684 nugae
550 1613 614 1681 sint,
640 1614 787 1670 videndum
811 1619 863 1683 est,
886 1628 920 1669 66
945 1615 1098 1683 Apoecides
1121 1616 1181 1685 ipse
1203 1617 1351 1686 negotium
1373 1631 1464 1684 gerens

333 1705 425 1758 dolum
442 1703 571 1771 detegat,
590 1701 660 1756 hanc
671 1701 770 1756 obrem
784 1716 879 1756 servus
893 1701 969 1770 prius
984 1702 1121 1758 fidicinam
1137 1705 1267 1758 conducit
1288 1709 1324 1771 (6.
1334 1704 1464 1770 312666),

333 1807 415 1859 quam
434 1790 470 1844 ad
489 1803 582 1843 senem
599 1793 710 1858 pergat,
734 1793 763 1842 et
781 1788 898 1856 imponit
920 1789 1019 1843 eiiam
1038 1789 1128 1844 omnia
1150 1795 1213 1845 rata
1233 1806 1303 1845 esse.
1340 1790 1392 1844 Hie
1409 1805 1463 1842 con·

332 1877 395 1932 fidit
412 1876 503 1932 verbis
532 1881 561 1929 et
579 1875 638 1930 sine
665 1891 741 1930 mora
758 1876 879 1943 puellam
897 1876 1048 1945 Periphani
1074 1877 1170 1948 tradit,
1199 1879 1272 1945 quod
1299 1893 1386 1932 sermo
1413 1876 1464 1930 cius

333 1982 359 2020 v.
378 1964 431 2020 396
449 1980 508 2032 sqq.
537 1963 685 2018 manifesto
714 1967 844 2016 testatur.
880 1963 1010 2018 Fortasse
1038 1963 1168 2033 Epidicus
1196 1965 1283 2020 etiam
1311 1965 1373 2020 aliis
1400 1963 1464 2018 senis

332 2051 456 2122 negotiis
476 2050 522 2118 (cf.
541 2067 567 2105 6.
585 2049 648 2118 422)
667 2049 824 2117 adiuvatur,
843 2056 876 2104 ut
893 2049 939 2104 1116
955 2066 1013 2104 1616
1032 2051 1183 2106 oscitanter
1201 2059 1294 2106 curet:
1320 2051 1348 2106 id
1366 2050 1465 2119 quidem

332 2155 412 2194 nemo
431 2137 555 2209 negabit,
583 2136 727 2207 negotium
755 2137 808 2192 sibi
826 2138 986 2192 mandatum
1012 2153 1062 2207 per
1088 2143 1177 2193 totam
1204 2155 1317 2194 scenam
1344 2151 1465 2207 perquam

332 2227 455 2282 breviter
474 2241 535 2280 eum
549 2223 738 2294 perstringere
752 2228 838 2292 atque
849 2225 990 2294 attingere
1007 2226 1132 2280 consulto
1144 2225 1240 2293 videri,
1258 2226 1389 2280 nimirum
1402 2221 1465 2292 quod

333 2314 386 2369 sibi
413 2312 537 2368 conscius
561 2311 668 2366 estrei
691 2327 745 2365 1166
770 2311 920 2382 diligenter
943 2327 972 2366 se
995 2311 1101 2367 6661666
1130 2312 1175 2380 (61.
1193 2329 1219 2368 6.
1237 2313 1384 2381 sss-mu
1410 2325 1464 2364 nam

333 2404 538 2456 661666666616
555 2399 682 2468 perfecit,
702 2399 855 2467 Apoecides
872 2400 976 2454 solidus
993 2405 1077 2468 atque
1093 2399 1203 2468 bardus,
1222 2402 1335 2468 qualern
1353 2396 1464 2466 sefingit

335 2485 532 2555 (6420666),
551 2499 616 2541 6616
636 2491 687 2540 661.
724 2485 794 2552 Quid
818 2490 911 2540 autem
933 2486 1021 2555 fieret,
1045 2486 1068 2539 si
1086 2486 1239 2554 Apoecides
1264 2493 1296 2542 et
1314 2484 1465 2557 prudentior

334 2575 469 2629 61161666
495 2572 621 2626 credulus
641 2577 735 2626 esset?
771 2572 909 2626 Lenonem
935 2578 1010 2626 certo
1034 2573 1067 2626 de
1092 2574 1185 2642 puella
1209 2573 1410 2644 interrogaret:
1434 2582 1463 2622 ne

333 2662 421 2732 igitur
439 2661 517 2715 dolus
536 2657 726 2728 spectantibus
745 2659 779 2713 ab
798 2659 878 2714 initio
898 2659 1029 2714 incertior
1046 2660 1176 2716 videatur
1193 2677 1263 2716 6666
1274 2677 1371 2717 servus
1389 2656 1463 2713 auda·

334 2749 391 2802 cior
410 2765 492 2816 quam
511 2745 644 2813 callidior,
674 2747 708 2800 ab
732 2745 812 2800 initio
836 2747 930 2800 studet
952 2753 1036 2816 poeta
1055 2763 1101 2802 eos
1124 2749 1230 2818 docere,
1259 2759 1313 2816 quo
1332 2746 1408 2801 modo
1425 2741 1463 2796 lic

334 2836 390 2889 iam
408 2835 450 2888 rei
470 2832 635 2888 occurrerit:
655 2840 680 2888 et
696 2835 768 2887 banc
791 2835 823 2888 ob
841 2851 937 2888 161116.
956 2838 1007 2888 364
1027 2835 1131 2889 leaenis
1148 2839 1247 2891 mentio
1259 2836 1304 2906 fit.
1333 2835 1421 2900 Atque
1432 2827 1463 2893 111,

334 2921 406 2989 qnod
431 2921 509 2975 modo
534 2919 714 2988 explicuimus
731 2951 766 2960 -
784 2938 838 2976 uon
857 2936 936 2988 posse
961 2937 1002 2985 ea,
1031 2938 1102 2989 quae
1126 2940 1152 2978 6.
1170 2923 1222 2976 363
1240 2939 1299 2990 sqq.
1327 2919 1463 2975 6111111116

332 3007 504 3077 nuntientur,
524 3023 541 3060 6
559 3005 657 3073 6116616
675 3006 873 3076 interpolatore
893 3013 1098 3076 666116616666
1117 3013 1201 3062 antea
1214 3009 1355 3078 integram
1364 3016 1463 3060 6666616

333 3094 457 3148 effecisse
480 3125 523 3164 -,
550 3107 605 3148 non
626 3093 715 3147 minus
739 3095 855 3162 valeret,
878 3091 907 3149 'si
930 3112 947 3149 6
971 3096 1109 3151 Weidnert
1136 3094 1328 3150 emendatione
1355 3086 1462 3162 profecti

333 3171 453 3237 essemus
472 3182 509 3252 ,Si
527 3183 635 3250 61116661
653 3181 688 3235 ad
708 3196 769 3235 eum
786 3182 900 3236 ocoicrn‘
921 3181 966 3249 (61.
985 3183 1099 3238 Advers.
1117 3183 1210 3236 Plaut.
1230 3183 1271 3236 ed.
1291 3183 1327 3236 A.
1348 3177 1464 3236 Weidner

332 3270 401 3324 1882
418 3286 445 3337 p.
456 3268 499 3336 18)
528 3268 583 3335 116,
611 3273 644 3322 ut
667 3267 746 3337 ,6616ι
770 3268 817 3322 1116
840 3268 994 3336 Apoecides
1021 3269 1067 3323 sit.
1103 3269 1172 3323 Nam
1200 3285 1248 3323 eur
1279 3284 1375 3325 servus
1406 3267 1463 3318 6616

333 3356 460 3410 fraudem
478 3355 631 3423 perlectam
650 3371 704 3408 666
722 3355 878 3424 61166166161
897 3370 989 3410 senem
1008 3371 1064 3410 ase
1079 3357 1289 3424 postulaturum,
1311 3361 1342 3410 111
1360 3354 1416 3422 1666
1433 3346 1463 3401 all

332 3444 506 3497 1666661666
525 3442 618 3510 clareat,
638 3441 762 3508 quamvis
780 3445 878 3510 postea
902 3458 993 3496 rerum
1012 3442 1106 3496 orrline
1126 3437 1261 3497 discamus
1280 3443 1350 3497 illud
1368 3442 1463 3493 16611161

332 3547 386 3584 non
406 3533 483 3584 esse?
521 3529 649 3583 Ceterum
667 3527 722 3582 iam
740 3529 888 3598 Seyffertus
910 3529 939 3584 in
956 3530 1093 3584 Bubetani
1115 3531 1206 3584 annal.
1225 3547 1251 3585 6.
1270 3529 1363 3584 XXXI
1382 3520 1461 3594 (1882)

332 3635 359 3686 p.
379 3617 413 3672 78
437 3616 576 3671 Weidacro'
593 3615 779 3670 coniecturam
802 3615 969 3684 improbavit
987 3616 1122 3672 scribens:
1149 3617 1208 3685 ,365
1227 3617 1256 3671 Si
1274 3618 1382 3685 quicum
1402 3610 1464 3678 (1.1·

333 3722 394 3759 6661
413 3703 550 3771 6116661).
568 3732 603 3742 —
620 3703 710 3757 Unum
729 3703 847 3770 denique
873 3703 983 3758 silentio
1007 3705 1161 3772 praeterire
1185 3705 1256 3774 nolo,
1281 3704 1352 3772 quod
1371 3701 1403 3754 ab
1422 3693 1462 3749 ad-

331 3789 461 3847 versariis
471 3789 539 3844 meis
549 3789 635 3858 ipsius
649 3789 755 3844 lenonis
767 3806 912 3858 personam
928 3790 1146 3846 desiderantibus
1157 3797 1231 3846 stare
1241 3791 1360 3846 videtur.
1383 3787 1463 3854 Quum

333 3877 406 3932 enim
428 3892 507 3932 senes
532 3876 599 3931 irati
623 3878 740 3944 (66616,
759 3877 820 3942 666)
845 3892 954 3932 6616616
972 3878 1106 3946 6111161666
1131 3878 1216 3934 liliam
1238 3893 1332 3933 veram
1357 3878 1391 3942 (v.
1408 3867 1461 3931 719)

332 3965 434 4033 ubique
452 3962 621 4032 quaeritant,
640 3979 693 4030 quo
712 3963 788 4032 prius
806 3965 995 4034 devertuntur,
1015 3966 1150 4033 quemad
1169 3966 1312 4020 lenonem?
1349 3964 1376 4016 Is
1395 3959 1463 4013 cerlo

332 4051 477 4120 utriusque
503 4049 544 4104 rei
567 4049 684 4118 peritior
708 4051 746 4104 sit
768 4068 850 4119 quam
873 4051 962 4119 quivis
986 4052 1070 4106 alius!
1107 4053 1159 4107 Sed
1182 4052 1284 4107 116616
1307 4063 1411 4106 16666
1436 4039 1464 4092 de

329 4138 434 4208 froude
447 4137 602 4208 6666611116,
621 4137 670 4190 sed
689 4139 813 4192 6616611116
830 4138 900 4192 uodo
919 4138 1015 4208 agitur
1032 4154 1083 4194 nec
1102 4156 1155 4194 non
1170 4143 1234 4193 sunt
1245 4136 1381 4204 momenti,
1399 4139 1463 4198 qnae

332 4223 738 4310 61161662111616111161616
762 4225 838 4280 exitu
861 4225 1022 4280 monuimus.
1058 4226 1102 4279 An
1125 4225 1192 4280 licet
1214 4231 1313 4295 putare
1336 4235 1413 4279 senes
1431 4212 1461 4268 ab
