3226 5108
903 269 943 330 66

354 478 449 534 turbas
458 476 539 532 buius
553 475 665 530 i'abnlae
678 475 833 528 accuratius
847 474 902 528 iam
911 473 1077 544 Scaliperum
1091 471 1285 541 inquisivisse,‘
1300 471 1403 541 quippe
1419 473 1490 527 cuius

354 564 439 620 verba
456 561 577 633 prodigii
600 561 701 616 similia
718 562 775 616 sint
797 568 826 616 et
844 577 910 617 vera
928 560 1055 629 falsaque
1073 559 1140 614 mire
1165 559 1311 614 commixta
1336 560 1490 614 exhibeant.

423 756 467 824 19)
487 753 634 824 ,Quomodo
654 751 735 820 (quis)
754 750 968 819 imprudentiam
986 751 1061 806 illius
1080 756 1166 820 atque
1184 751 1389 822 ingenuitatem
1399 751 1489 806 defen-

261 857 268 873 ·
353 843 409 912 det,
428 859 483 911 qua
500 838 731 910 Acropolistidem
753 837 806 892 sibi
824 844 918 894 notam
938 827 971 892 'et
989 855 1006 892 a
1024 838 1220 908 Stratippocle,
1244 838 1409 908 Periphanis
1428 839 1490 905 filio,

353 929 546 984 manumissam
563 925 674 996 prodit?
697 924 820 979 Revellit
836 924 878 979 ita
896 929 984 980 totam
994 924 1104 995 Epidici
1122 925 1256 992 fraudem,
1275 925 1356 994 quod,
1375 925 1400 979 si
1419 925 1489 980 socia

354 1015 413 1071 eins
432 1016 509 1072 facta
528 1019 610 1083 esset,
630 1017 705 1068 certe
723 1028 778 1068 non
796 1010 928 1066 fecisset!

424 1207 470 1276 201
488 1207 556 1262 Post
582 1205 783 1275 Laaprebndaro
812 1202 840 1258 O.
860 1203 901 1258 M.
922 1203 1111 1258 Froocbcoa‘as
1138 1202 1167 1258 in
1190 1203 1321 1259 Mnemos.
1346 1220 1374 1258 n.
1392 1221 1415 1260 s.
1439 1207 1491 1261 Vll

354 1295 443 1364 (1879)
462 1295 530 1348 l'asc.
548 1294 578 1346 Π
595 1309 622 1361 p.
632 1290 771 1348 184-204
789 1289 862 1344 inter
880 1305 909 1344 se
927 1289 1117 1360 repugnantia
1136 1290 1270 1358 quaedam
1287 1290 1408 1357 notavit,
1427 1309 1489 1360 quo-

350 1398 411 1436 rnm
429 1395 513 1435 unum
531 1378 655 1434 sufficiat
671 1378 824 1447 ponderare
835 1392 936 1444 eornm,
956 1377 1188 1444 quaeLoreoec'as
1206 1377 1235 1431 in
1245 1377 1383 1432 Bassiani
1392 1378 1490 1435 Annal.

351 1485 388 1523 sc.
407 1473 464 1523 aut.
482 1467 537 1521 vol.
560 1465 657 1521 XVIII
680 1481 706 1534 p.
725 1464 759 1519 22
782 1467 815 1518 nt
837 1463 1002 1533 gravissima
1025 1462 1196 1533 significavit
1219 1465 1398 1519 -alterum
1422 1467 1489 1520 eninr

352 1557 388 1611 lv.
406 1553 553 1622 314-318,
571 1552 692 1608 317-75
711 1568 771 1606 cum
788 1551 908 1619 soosqq.
928 1551 1053 1618 collatos)
1072 1551 1128 1606 iam
1146 1567 1230 1620 snpra
1249 1551 1378 1621 expedire
1399 1554 1489 1608 conati

351 1657 452 1698 sumus.
489 1639 611 1696 Offendit
629 1639 818 1694 Frombeaam
835 1653 861 1693 v.
879 1637 932 1692 275
950 1653 1023 1706 sqq:

506 1760 590 1829 Quasi
608 1765 640 1816 tu
659 1759 753 1830 cupias
768 1760 890 1814 liberare
909 1758 1055 1813 fidicinam
1074 1757 1158 1813 animi
1177 1757 1272 1829 gratia

506 1848 646 1918 Quasique
665 1863 740 1902 ames
759 1848 935 1902 vehementer
952 1850 986 1902 tu
1003 1845 1080 1908 illam
1099 1850 1160 1916 etc,

350 1987 422 2040 quae
447 1987 531 2026 causa
555 1970 685 2025 emendae
709 1970 821 2039 puellae
845 1968 922 2040 nullo
946 1969 1001 2023 alio
1025 1969 1084 2023 loco
1102 1968 1278 2024 ¹exhibeatur
1300 1973 1329 2023 et
1352 1985 1369 2024 a
1393 1987 1421 2025 v.
1438 1970 1487 2024 410
1596 1995 1597 2008 ι

349 2075 460 2128 prorsus
478 2058 635 2114 abhorreat.
661 2058 748 2112 Recte
767 2056 889 2125 quidem3
909 2056 957 2110 sed
971 2056 1043 2124 quod
1060 2060 1104 2110 est
1116 2055 1296 2125 potissimum,
1315 2057 1487 2112 doctissimus

349 2147 393 2202 vir
410 2146 544 2217 neglexit.
579 2145 660 2200 Nullo
680 2144 759 2200 modo
782 2143 843 2198 fieri
865 2147 967 2212 potest,
991 2142 1058 2210 quin
1081 2142 1154 2198 servi
1179 2142 1322 2202 consilium
1346 2144 1381 2198 ab
1400 2145 1486 2214 Apoe-

350 2234 418 2288 cidis
436 2233 572 2288 relatione
590 2229 748 2300 v.410sqq.'
767 2231 905 2286 diversum
922 2230 961 2284 sit
979 2247 1061 2298 quam
1079 2229 1205 2284 maxime.
1233 2230 1338 2285 Suadet
1355 2231 1485 2300 Epidicus

348 2321 506 2390 Periphani,
533 2324 567 2374 ut
591 2318 707 2374 amicam
729 2322 948 2388 praemercetur3
977 2317 1025 2372 sed
1048 2316 1153 2371 nonin
1178 2317 1341 2373 servitutem
1363 2319 1485 2387 -qnod

349 2409 415 2478 quin
433 2408 496 2462 leno
506 2411 641 2477 gravetur
649 2405 697 2461 vix
708 2405 820 2460 dubium
830 2405 867 2460 sit
884 2437 927 2472 -,
947 2406 995 2460 red
1005 2404 1203 2460 inlibertatem
1221 2419 1250 2459 se
1262 2420 1321 2459 eam
1334 2411 1485 2474 empturum

348 2495 424 2550 dicat
442 2494 576 2562 simulque
600 2492 642 2548 rei
666 2493 824 2562 probandae
848 2509 932 2548 causa
955 2492 1053 2546 ardore
1078 2491 1138 2546 eius
1165 2506 1194 2546 se
1218 2492 1339 2562 flagrare
1364 2493 1483 2561 simulem

347 2587 414 2636 tunc
431 2598 505 2651 vero,
525 2581 572 2636 ubi
591 2595 675 2635 senex
694 2580 837 2635 consilium
860 2579 1000 2649 probavit,
1022 2578 1123 2634 sensim
1146 2579 1195 2633 ille
1213 2578 1241 2632 id
1266 2579 1392 2647 adornat,
1415 2580 1484 2648 qnod

347 2670 381 2724 ab
400 2669 481 2724 initio
499 2668 580 2738 petit,
603 2683 661 2722 rem
683 2668 728 2723 vel
751 2667 793 2722 ita
820 2667 889 2722 satis
907 2667 1042 2722 incertam
1066 2681 1125 2721 esse
1149 2666 1252 2736 dicens,
1276 2666 1300 2720 si
1317 2665 1483 2734 Periphanes

346 2758 405 2825 ipse
424 2757 550 2811 lenonem
568 2756 652 2810 adeat
671 2759 732 2823 eto,
752 2771 805 2822 quo
824 2755 865 2824 fit,
888 2760 921 2808 nt
938 2753 1106 2822 marsupium
1129 2753 1182 2822 ipsi
1200 2754 1330 2808 tradatur
1353 2759 1382 2807 et
1400 2753 1483 2822 primo

347 2842 457 2909 quidem
485 2843 561 2898 fraus
592 2856 722 2911 prospere
756 2841 896 2896 succedat.
938 2841 1009 2908 Quid
1037 2840 1121 2908 aliud,
1151 2856 1326 2909 quaesumus,
1354 2839 1482 2909 Epidicus

345 2930 457 2984 senibus
474 2929 549 2983 hisce
568 2927 659 2983 verbis
677 2944 704 2981 v.
715 2927 766 2982 257
777 2945 835 2995 sqq.
855 2928 979 2982 obtrudit
997 2927 1149 2997 nisinugas
1160 2935 1268 2982 meras?
1298 2927 1481 2996 Quodcunque

346 3015 418 3070 enim
436 3015 542 3082 suadet,
561 3015 592 3069 a'd
603 3021 700 3084 posteo
717 3031 773 3069 ooo
785 3014 851 3084 fieri
868 3015 904 3068 ad
922 3014 1047 3069 fraudem
1065 3015 1230 3082 patrandam
1254 3013 1353 3082 ntique
1371 3029 1481 3068 necesse

345 3109 401 3158 est:
419 3102 448 3158 in
466 3103 608 3157 masiliam
630 3117 696 3156 vero
718 3102 931 3169 unumquodque
954 3100 1132 3156 festivissime
1151 3101 1278 3168 quadrat.
1315 3101 1430 3171 ,Weisst
1447 3102 1481 3156 dn

344 3191 430 3246 wasl‘
452 3221 487 3229 -
510 3189 551 3244 ait
568 3188 699 3258 Epidicus
726 3219 761 3228 —
788 3190 825 3243 du
850 3189 927 3259 gibst
953 3189 1015 3243 dich
1039 3188 1149 3243 einiach
1176 3189 1222 3243 idn
1239 3189 1481 3244 sterbensverliebt

344 3277 373 3332 in
392 3276 586 3331 dathdchen
605 3291 668 3344 aus,
687 3275 790 3330 diesem
808 3275 1069 3344 plausiblenGrund
1088 3276 1250 3346 gegendber
1266 3275 1336 3329 wird
1357 3291 1386 3330 er
1403 3276 1481 3330 keine

343 3361 592 3432 Scbwierigkeiten
617 3362 765 3432 bezdglich
792 3363 840 3417 des
858 3363 998 3418 Verkauis
1026 3363 1153 3417 erheben.
1174 3403 1268 3417 ......
1305 3362 1384 3416 Doch
1411 3364 1480 3418 halt!

344 3449 431 3505 Selbst
449 3450 539 3504 darist
557 3449 593 3503 du
611 3449 689 3503 nicht
706 3449 859 3519 hingehen3
879 3449 928 3504 das
946 3450 1050 3504 libante
1069 3448 1113 3502 die
1131 3448 1217 3502 Sache
1235 3448 1406 3504 verderbcn}
1424 3481 1458 3489 -

413 3555 472 3608 Iam
490 3553 631 3608 videamus
650 3553 683 3607 de
702 3553 854 3622 Apoecide:
879 3553 1027 3622 quiquam
1051 3551 1120 3607 dolis
1140 3553 1173 3608 ab
1195 3552 1333 3621 emptione
1357 3553 1403 3609 vel
1422 3571 1481 3608 con·

344 3641 481 3710 ductione,
504 3641 528 3695 si
545 3640 641 3709 mavis,
664 3639 791 3695 fidicinae
814 3644 940 3694 retentus
959 3639 1004 3708 sit,
1027 3639 1192 3708 nonhabet,
1217 3655 1288 3708 quae
1311 3641 1372 3695 seni
1397 3641 1481 3696 amico

242 3771 244 3776 .
344 3729 378 3782 de
395 3729 494 3784 lenone
513 3727 631 3796 nuntiet,
652 3727 684 3782 ob
705 3743 819 3795 eamque
837 3743 895 3782 rem
914 3725 1060 3796 emptionis
1079 3726 1245 3780 mentione'm
1264 3733 1345 3782 cante
1366 3727 1480 3782 omittit:

344 3813 477 3882 quomodo
497 3829 563 3884 ergo
582 3813 655 3868 senis
679 3829 798 3868 amorem
817 3819 849 3868 nt
868 3831 959 3868 coram
977 3815 1074 3868 lenone
1099 3817 1275 3883 praetentum
1298 3819 1410 3884 tangat,
1434 3830 1481 3869 nos

343 3901 425 3969 plane
444 3899 528 3970 fugit.
565 3900 609 3954 An
627 3901 689 3954 uurlt
708 3901 905 3970 Fraocbeaias,
928 3905 961 3954 ut
978 3900 1042 3970 illis,
1067 3916 1138 3968 quae
1157 3916 1252 3955 servus
1271 3901 1345 3955 inter
1365 3902 1481 3956 eundum

344 3991 379 4054 (v.
388 3985 450 4054 413)
471 4002 531 4039 cum
549 3983 661 4039 fidicina
679 3986 877 4040 sermocinatus
890 3991 941 4056 est,
960 3988 1060 4042 amoris
1070 3987 1130 4042 heri
1145 3987 1258 4056 quaevis
1274 3988 1377 4042 mentio
1396 3987 1479 4042 insit?

342 4072 429 4142 Atqui
443 4088 498 4126 non
505 4073 627 4140 puellam
642 4073 739 4128 ardore
755 4073 802 4128 illo
819 4073 1008 4143 decipiendam
1023 4090 1091 4143 esse,
1107 4075 1156 4129 sed
1172 4076 1291 4130 Iasonem
1304 4091 1338 4130 en
1352 4074 1481 4129 universa

341 4157 459 4229 ratione,
479 4175 561 4228 quam
575 4158 772 4214 instituendam
782 4161 913 4230 Epidicus
928 4161 988 4215 seni
1001 4159 1138 4231 proponit,
1158 4161 1226 4216 satis
1243 4167 1373 4232 apparet:
1392 4162 1478 4225 immo,

342 4261 378 4300 ne
397 4245 447 4302 illa
465 4245 507 4300 rei
526 4245 675 4315 quidquam
694 4247 799 4318 audiat,
825 4248 937 4319 egregie
962 4252 1005 4302 est
1028 4247 1187 4315 cavendum,
1211 4261 1246 4302 ne
1268 4248 1330 4319 ipsa
1348 4254 1480 4322 gravetur
