3216 5106
698 328 738 390 33

148 557 207 604 nec
228 536 422 604 verecundia
443 553 502 600 nec
517 534 651 616 imperio
675 534 817 599 virorum
839 528 949 597 limine
963 529 1119 596 contineri
1142 533 1284 612 possent,

150 643 207 708 sed
234 643 303 708 vias
333 641 503 721 aditusque
534 639 566 702 in
596 637 702 703 forum
725 637 910 704 obsidentes
939 635 1026 700 viros
1056 635 1286 700 descendentes

150 747 190 812 ad
217 746 324 812 forum
354 749 494 823 orarent,
526 747 563 807 ut
592 741 727 808 florente
757 741 930 823 republica,
961 744 1125 806 crescente
1155 739 1188 803 in
1218 738 1287 803 dies

149 851 277 932 privata
299 849 439 915 omnium
461 847 602 926 fortuna,
625 847 781 912 matronis
804 864 930 928 quoque
945 844 1117 926 pristinum
1140 847 1287 908 ornatum

150 955 242 1020 reddi
273 958 472 1038 paterentur.
519 951 603 1030 Quid
633 952 701 1018 veri
732 951 877 1032 similius,
908 968 1002 1033 quam
1033 948 1188 1030 abrogata
1217 949 1288 1032 lege

151 1081 170 1127 a
195 1080 224 1126 u.
243 1079 268 1125 c.
293 1059 396 1122 DLIX
419 1057 546 1122 easdem
570 1062 734 1122 matronas
748 1056 878 1122 licentia
900 1056 1027 1120 reddita
1048 1056 1121 1138 plus
1144 1056 1289 1121 minusve

150 1167 259 1248 inopte
281 1162 397 1228 abusas
421 1180 501 1242 esse,
526 1161 587 1226 etsi
610 1161 644 1225 L.
660 1161 809 1226 Valerius
832 1159 981 1225 tribunus
1003 1160 1089 1242 plebi
1111 1160 1289 1242 perieulum

151 1289 214 1336 non
242 1287 314 1334 esse
341 1271 519 1347 censuerat,
550 1253 591 1330 ne
617 1265 767 1330 mulieres
795 1265 836 1330 ad
865 1265 1023 1330 luxuriem
1051 1263 1290 1330 effunderentur

153 1375 233 1459 (Liv.
257 1375 277 1438 l.
295 1393 319 1438 s.
337 1392 361 1437 s.
387 1391 412 1436 c.
431 1371 484 1451 6)?
521 1369 566 1434 Ut
588 1370 688 1451 igitur
711 1369 766 1435 ille
790 1389 868 1436 aevo
891 1389 997 1435 mores
1019 1369 1189 1436 mulierum
1211 1389 1290 1436 non-

152 1481 228 1546 dum
250 1483 421 1559 tantopere
443 1475 605 1557 corrumpi
629 1476 773 1557 coepisse
796 1476 997 1541 concedimus
1028 1479 1125 1557 atque
1149 1473 1208 1540 sub
1231 1475 1289 1540 im-

151 1580 366 1666 peratoribus,
402 1581 448 1646 ita
481 1585 557 1645 tunc
595 1581 767 1662 praecipue
801 1579 926 1646 duobus
962 1581 1162 1662 gravissimis
1196 1578 1290 1646 bellis

153 1687 292 1754 secundo
319 1687 425 1750 Marte
453 1683 553 1748 finitis
582 1683 675 1748 inane
706 1690 925 1750 matronarum
956 1685 1155 1767 quarundam
1186 1684 1291 1750 cultus

153 1793 294 1859 studium
330 1786 539 1872 amplioribus
576 1788 690 1869 opibus
720 1789 861 1872 undique
889 1790 1023 1856 Romam
1059 1787 1291 1866 confluentibus

154 1899 232 1964 adeo
256 1899 383 1960 auctum
407 1911 478 1958 esse
499 1910 691 1974 persuasum
714 1893 877 1975 habemur,
909 1899 946 1959 ut
968 1883 1148 1976 priscorum
1171 1897 1292 1961 cancel-

153 2005 257 2069 lorum
290 2000 494 2065 immemores
527 1997 728 2064 vestimentis
766 2003 935 2065 uterentur
974 2001 1079 2066 colere
1118 2001 1293 2068 materiave

152 2108 253 2188 miris,
277 2124 358 2188 quae
382 2104 467 2168 cives
490 2102 621 2183 antiquo
645 2103 728 2167 mori
744 2103 937 2186 Catonisque
960 2105 1127 2170 severitati
1149 2105 1293 2170 faventes

153 2211 323 2278 meretrice
353 2208 500 2290 digniora
531 2225 626 2289 quant
655 2213 802 2273 matrona
824 2213 985 2290 putarent.
1032 2208 1125 2275 Tales
1154 2210 1293 2292 ineptias

154 2321 267 2382 notare
288 2319 404 2396 poetae
427 2312 539 2400 comici
555 2316 615 2393 est,
638 2331 697 2376 nec
713 2312 903 2394 supersedet
918 2332 1050 2378 munere
1065 2315 1201 2380 Plautus
1224 2334 1293 2380 rem

157 2421 205 2483 ita
228 2419 416 2498 instituens,
443 2422 480 2481 ut
503 2417 606 2498 ,istae‘
635 2434 712 2480 voce
734 2415 905 2481 manifesto
929 2417 969 2482 ad
992 2420 1178 2485 meretrices
1202 2426 1297 2486 antea

156 2522 333 2588 nominatas
355 2520 525 2586 referenda
545 2525 725 2586 scortorum
748 2520 906 2585 luxuriem
922 2539 956 2586 se
972 2527 1158 2604 carpturum
1175 2524 1295 2589 indicet

155 2631 188 2693 et
209 2627 388 2702 tunicarum
404 2626 532 2690 nomina
547 2625 637 2690 varia
658 2623 826 2706 proferens
849 2625 990 2707 incipiat,
1014 2631 1090 2691 tunc
1109 2629 1294 2709 patagiatae

156 2733 320 2798 mentione
349 2729 536 2796 intermissa
564 2734 784 2794 matronarum
812 2749 938 2812 quoque
967 2730 1101 2812 pudoris
1124 2730 1297 2798 oblitarum

156 2854 324 2902 censuram
347 2839 436 2918 agat:
468 2853 543 2898 nam
573 2852 656 2915 quae
685 2834 802 2916 pudica
828 2835 944 2900 mulier
974 2855 1044 2902 cum
1073 2837 1295 2903 meretricibus

157 2939 336 3020 comparari
363 2957 426 3002 non
457 2937 647 3004 erubescat?
692 2938 784 3016 Quod
814 2945 921 3004 autem
952 2959 992 3004 ne
1021 2941 1068 3006 ita
1098 2943 1226 3024 quidem
1256 2941 1296 3007 de

156 3044 251 3125 stolo,
276 3042 333 3107 sed
357 3042 470 3106 trucciae
491 3043 635 3124 loquitur
662 3042 833 3124 indusiata,
856 3044 1034 3126 patagiata,
1061 3045 1095 3109 in
1116 3047 1221 3111 medio
1245 3066 1296 3111 re-

155 3149 337 3231 linquimus
362 3151 470 3213 utrum
486 3167 521 3212 re
537 3165 614 3212 vera
629 3165 768 3228 unquam
783 3147 903 3212 Romae
919 3149 1018 3212 vestis
1043 3149 1225 3228 ,indusiata‘
1246 3152 1296 3216 vel

157 3253 341 3335 ,patagiata‘
371 3253 415 3317 sit
445 3252 617 3331 nominata,
648 3271 687 3316 au
714 3257 811 3334 poeta
838 3251 936 3318 verbo
965 3271 1135 3319 numerose
1163 3256 1297 3322 cadente

155 3359 326 3422 honestum
350 3357 453 3422 stolae
468 3375 583 3422 nomen
607 3357 776 3422 circumire
801 3362 1077 3425 et'matronarum
1100 3357 1298 3444 obiurgatio·

157 3481 231 3526 nem
253 3479 324 3526 cum
346 3461 553 3526 meretricum
576 3479 713 3526 censura
735 3463 861 3527 tunicae
883 3464 1012 3528 nomine
1039 3464 1185 3546 utrisque
1214 3484 1297 3530 com·

157 3567 261 3632 munis
285 3565 388 3632 artius
413 3565 614 3644 connectere,
645 3567 696 3630 vel
718 3567 884 3648 patagium
912 3568 1017 3648 ipsum
1046 3568 1086 3632 ob
1115 3567 1298 3634 effusiorem

157 3671 278 3736 cultum
299 3675 414 3734 notare
436 3669 633 3752 volueritn)

243 3774 386 3855 Longius
408 3773 486 3855 fere,
510 3793 605 3856 quam
627 3794 685 3857 pro
710 3775 804 3842 huius
827 3773 928 3840 libelli
951 3775 1098 3841 terminis
1114 3794 1152 3840 en
1168 3795 1229 3842 usu
1244 3778 1297 3857 sit,

158 3898 178 3944 a
199 3878 398 3961 quaestionis
422 3883 573 3944 contextu
600 3877 731 3946 abducti
763 3899 871 3946 sumus
894 3881 1103 3946 monstrando
1135 3899 1299 3946 enumera-

158 3983 277 4048 tionem
299 3982 388 4046 illam
410 3983 676 4048 vestimentorum
698 4003 795 4065 quum
816 3984 1042 4051 nominibusa
1063 3991 1209 4068 tempore
1231 3991 1300 4051 tum

158 4086 291 4152 consilio
314 4086 354 4151 ab
370 4087 498 4168 ingenio
514 4087 621 4152 Plauti
644 4107 707 4153 uon
729 4087 824 4152 ruodo
847 4107 910 4154 nou
927 4087 1111 4171 abhorrere,
1136 4090 1192 4155 sed
1207 4107 1300 4172 prae-

159 4191 309 4256 cedentes
344 4209 457 4256 versus
490 4197 551 4256 222
567 4211 643 4274 sqq.
677 4191 884 4258 festivissime
922 4212 1084 4260 exornare.
1138 4193 1231 4259 Nunc
1261 4194 1301 4258 de

158 4313 370 4376 personarum
392 4294 540 4376 partibus
564 4298 716 4363 nonnulla
740 4301 816 4364 sunt
838 4298 979 4364 dicenda.

1197 4437 1210 4475 8
