3216 5106
645 427 852 437 m

177 543 302 600 servavit
326 546 353 613 (1.
372 561 392 600 s.
411 561 432 601 s.
451 563 477 615 p.
497 545 549 601 634
567 545 596 602 in
615 545 727 612 annot),
746 543 788 599 ita
811 533 929 616 quidem,
947 549 979 599 ut
997 543 1025 600 in
1043 561 1069 600 r.
1087 545 1139 600 485
1162 560 1222 601 enm
1240 549 1318 617 sequi

178 630 308 685 dubitem.
331 632 500 701 Periphanes
515 633 594 700 eninr,
615 648 779 701 qiramqrram
798 637 882 687 antea
891 631 987 686 militis
1006 631 1080 685 dicto
1101 633 1225 702 conlisus,
1246 635 1319 690 servi

178 717 224 770 fidi
244 718 279 784 (v.
297 717 350 772 410
368 720 437 787 sqq.)
456 720 633 774 reminiscens
652 734 758 773 omnem
777 719 883 774 fraudis
904 717 1103 788 cogitationem
1123 718 1221 773 abicit:
1245 722 1321 788 ,Uacl

178 804 244 857 doch
262 803 299 858 ist
317 804 393 859 diese
412 806 456 860 die
473 807 582 860 rechte:
602 807 675 860 hat's
691 806 722 876 ja
742 805 815 860 mein
834 805 932 860 Sclare
952 809 1062 876 gesagt,
1087 806 1135 860 der
1152 806 1224 861 mich
1242 807 1320 864 nicht

177 890 293 960 betrligt
310 891 366 946 und
384 892 424 947 sie
442 893 550 947 kennen
568 894 660 947 musa‘

251 1062 295 1132 43)
316 1065 377 1119 Hac
395 1063 423 1119 in
441 1079 471 1120 re
489 1066 524 1120 A,
543 1065 712 1136 Spargeliam
730 1065 877 1134 sequimur,
902 1065 949 1134 qui
967 1063 1071 1135 primns
1089 1079 1120 1119 re
1138 1065 1253 1122 metrica
1271 1067 1318 1122 ad-

177 1149 267 1204 hibita
294 1149 467 1220 singularum
494 1151 652 1206 fabularum
680 1156 759 1206 actus
786 1156 912 1206 statuere
940 1152 1033 1221 coepit
1049 1151 1251 1222 Epidicumque
1278 1153 1320 1209 ita

177 1235 321 1306 disposuit,
340 1241 373 1291 ut
391 1253 474 1307 supra
492 1238 673 1294 indicavimus
692 1239 729 1307 (p.
740 1237 757 1292 4
768 1239 846 1306 squ),
865 1237 929 1292 ride
948 1237 1254 1310 ,DieAkteintheilung
1272 1241 1321 1296 der

177 1322 330 1377 Kombdien
358 1323 406 1378 des
433 1325 560 1379 Plautus*
584 1341 611 1395 p.
629 1325 677 1396 28,
709 1329 856 1394 praeterea
884 1324 919 1379 ci.
944 1325 1119 1380 Schmitaium
1148 1325 1198 1393 ,De
1217 1331 1272 1381 act.
1290 1327 1319 1384 in

178 1409 219 1464 Pl.
238 1410 293 1464 fab.
313 1411 408 1466 descr.‘
427 1428 454 1480 p.
472 1411 515 1477 22,
539 1413 683 1467 Retovium
711 1413 798 1478 ,Scan
817 1415 925 1480 quaest.
944 1412 995 1466 Pl.‘
1023 1429 1050 1481 p.
1067 1411 1111 1480 21,
1141 1413 1273 1468 Jacobum
1290 1415 1319 1470 in

178 1496 258 1566 Epid.
278 1497 343 1551 edit.
364 1496 441 1567 1835,
462 1498 509 1566 qui
528 1497 645 1567 simplici
663 1497 772 1554 ratione
790 1497 863 1552 idern
881 1498 940 1553 iere
958 1503 1130 1554 monuemnt.

246 1685 290 1754 44)
310 1687 372 1756 ,Sed
390 1689 474 1758 longe
493 1688 683 1744 felicissimum
712 1695 755 1744 est
772 1689 868 1746 Plauti
886 1689 1028 1760 ingenium
1055 1689 1084 1744 in
1111 1689 1237 1760 partibus
1264 1707 1319 1746 ser-

177 1789 280 1844 vorum,
300 1790 390 1843 neque
409 1774 516 1845 ingenii
535 1775 690 1843 celeritate,
710 1775 816 1831 consilii
836 1776 991 1832 calliditate
1011 1780 1040 1830 et
1049 1791 1203 1832 sermonum
1212 1777 1319 1833 festivi-

177 1865 237 1914 tate
256 1861 329 1928 quod
346 1863 495 1931 Epidicum
518 1863 681 1932 Chrysalum
703 1863 922 1918 Palaestrionem
939 1863 1111 1917 ,Pseudolum
1129 1863 1223 1919 vincat
1242 1867 1319 1934 quid·

177 1964 259 2016 quam
276 1947 349 2002 novi.
385 1950 475 2004 Unum
493 1950 619 2005 Terentii
634 1951 743 2006 Davum
761 1965 849 2019 aeque
868 1950 965 2019 laudo,
986 1949 1072 2004 ceteri
1089 1965 1124 2004 ne
1144 1953 1319 2022 comparandi

177 2033 286 2101 quidem
304 2041 369 2090 sunt
388 2053 448 2092 oum
467 2037 541 2092 illia‘

245 2225 289 2294 45)
308 2225 369 2283 Non
388 2227 488 2282 desunt
497 2243 571 2298 vero,
591 2228 740 2300 quiquam
759 2229 882 2284 omnibus
902 2227 1014 2284 fabulae
1032 2227 1320 2298 personispromiscue

177 2316 236 2366 tum
245 2312 361 2380 Epidico
381 2329 473 2368 omnes
492 2315 551 2369 fere
570 2316 642 2369 sales
661 2316 779 2370 urbanos
799 2315 1029 2383 abiudicaverint,
1050 2314 1085 2369 cf.
1107 2313 1320 2371 GEWeisium

177 2399 195 2452 l.
214 2415 235 2453 s.
254 2415 275 2453 s.
304 2401 339 2454 ad
358 2400 576 2470 v.25-28,77‚
596 2401 647 2456 166
666 2418 733 2469 sqq,
760 2402 813 2457 229
831 2418 903 2480 sqq,
927 2402 987 2470 585,
1005 2401 1066 2470 700,
1085 2399 1144 2470 703,
1163 2399 1223 2456 711.
1258 2402 1319 2458 Non

178 2491 221 2540 est
240 2503 287 2542 cur
305 2504 362 2542 rem
381 2487 538 2544 accuratius
557 2493 716 2558 tractemus,
736 2488 764 2544 in
780 2506 835 2557 qua
854 2493 930 2544 certa
950 2487 1090 2544 iudicandi
1108 2492 1137 2542 et
1146 2486 1320 2542 adsentiendi

177 2574 274 2643 regula
307 2574 472 2631 iodiciumve
499 2591 588 2644 neque
616 2575 684 2630 insit
711 2591 800 2644 neque
835 2591 956 2644 umquam
983 2574 1105 2630 infuerit.
1151 2574 1183 2628 Id
1211 2573 1320 2642 quidem

183 2662 304 2717 Weisias
323 2676 420 2715 cavere
439 2661 566 2729 debebat,
595 2677 629 2716 ne
648 2662 796 2718 manifesto
815 2661 973 2729 somniaret,
993 2661 1065 2728 qnod
1083 2677 1109 2715 v.
1127 2659 1178 2716 703
1204 2689 1239 2700 -
1266 2676 1319 2730 qno

172 2748 237 2818 filia
255 2747 335 2817 gnati
354 2750 457 2803 amicae
475 2748 638 2817 opponitur:
666 2749 744 2819 ,Hab'
764 2749 809 2802 ich
827 2748 870 2802 dir
887 2748 964 2802 nicht
992 2748 1037 2802 fiir
1066 2746 1110 2802 die
1131 2747 1244 2802 Toebler
1271 2748 1320 2804 das

178 2834 248 2888 Geld
267 2834 412 2904 gegeben?
431 2835 487 2889 und
506 2835 542 2888 du
560 2835 659 2889 hauist
676 2835 720 2889 dic
733 2835 851 2890 Gelicblc
869 2834 916 2888 des
936 2833 1061 2888 Sohnesl‘
1081 2863 1115 2873 -
1135 2837 1164 2888 et
1181 2833 1319 2888 nonnullis

179 2919 241 2975 aliis
260 2921 368 2974 factum
392 2935 451 2974 esse
471 2920 589 2990 ridetur,
614 2921 643 2976 in
667 2922 764 2990 quibus
789 2921 950 2980 damnandis
975 2920 1018 2976 vir
1041 2919 1088 2974 ille
1112 2919 1207 2974 doctus
1230 2935 1319 2988 neque

179 3007 247 3062 artis
274 3005 437 3061 histrionice
462 3007 598 3062 rationem
621 3007 720 3063 habuit
742 3024 831 3076 neque
850 3013 926 3063 recte
953 3005 1112 3062 aestimavit
1134 3006 1320 3076 spectantium

179 3093 289 3162 iudicia,
308 3092 355 3161 qui
374 3098 449 3147 certe
467 3093 586 3148 nondum
605 3110 636 3149 co
656 3095 747 3149 cultus
765 3101 850 3164 atque
867 3094 1049 3150 humanitatis
1074 3100 1153 3148 erant
1171 3094 1319 3165 progressi,

178 3187 211 3236 ut
229 3184 313 3250 poeta
332 3195 386 3234 non
414 3179 468 3234 nisi
490 3181 603 3236 urbanis
632 3181 743 3236 facetiis
763 3182 924 3236 cachinnum
951 3180 1046 3250 populi
1073 3184 1186 3249 captare
1213 3187 1320 3251 posset3

180 3267 260 3321 immo
278 3266 325 3321 vix
343 3266 455 3322 dubium
474 3273 526 3338 est,
546 3268 612 3336 quin
635 3269 745 3338 saepius
774 3269 810 3323 ad
837 3283 926 3338 genus
953 3266 1090 3322 mimicum
1118 3264 1213 3320 abiens
1240 3271 1319 3322 aceto

180 3352 279 3406 Italico
298 3358 456 3422 spectantes
475 3355 565 3426 magis
584 3355 774 3424 delectaverit,
804 3354 927 3424 quamsi
946 3370 980 3408 ex
998 3353 1070 3408 omni
1088 3367 1190 3423 genere
1208 3353 1318 3408 urbani-

181 3438 249 3492 tatis
268 3439 389 3508 leporem
408 3442 544 3509 quendam
562 3442 686 3497 libasset.
713 3443 751 3497 Et
768 3448 880 3512 poetam
897 3441 987 3512 ipsum
1006 3441 1039 3494 de
1057 3439 1161 3494 talibus
1179 3437 1247 3494 iocis
1265 3456 1319 3495 non

180 3524 265 3580 altius
285 3527 423 3596 cogitasse
441 3527 527 3597 ipsius
546 3529 655 3598 Epidici
673 3547 699 3585 v.
718 3529 752 3583 15
770 3529 929 3584 testimonio
949 3533 999 3594 est,
1029 3543 1082 3596 quo
1101 3527 1234 3596 Thesprio
1255 3543 1317 3582 con·
1419 3581 1420 3586 ,

149 3673 154 3682 ,
179 3613 252 3667 servi
270 3614 468 3683 procacitatem
488 3617 653 3684 exprobrans
682 3617 816 3685 ,scurra'o‘
836 3616 980 3683 exclamat,
1001 3629 1055 3682 qua
1074 3629 1141 3668 voce
1159 3627 1214 3668 non
1232 3613 1319 3684 ipsius

179 3699 288 3768 Epidici
306 3706 416 3756 tantum
435 3701 647 3770 explicationem
666 3701 819 3757 festinandi
827 3701 969 3772 turgidam
979 3701 1027 3754 sed
1039 3699 1157 3754 omnium
1166 3699 1319 3768 promiscue

181 3787 344 3842 comicorum
369 3803 508 3860 serrorum
532 3789 711 3844 dicacitatem
737 3793 895 3859 protervam
922 3804 970 3842 suo
998 3787 1081 3841 verbo
1109 3786 1202 3841 notari
1228 3803 1319 3842 cense-

179 3889 247 3928 mus.
273 3904 308 3912 -—
337 3875 465 3930 Ceterum
499 3876 555 3930 iam
583 3877 655 3946 apud
684 3876 828 3947 egregium
853 3875 932 3930 illum
959 3879 1042 3943 atque
1070 3873 1320 3944 ingeniosissimum

179 3961 299 4016 nationis
317 3967 429 4017 nostrae
448 3962 582 4032 criticum,
605 3964 777 4034 Lessinpiam
797 3962 865 4032 dico,
893 3961 964 4016 hanc
991 3961 1079 4031 ipsam
1097 3961 1133 4016 ad
1158 3976 1216 4016 rem
1234 3962 1318 4032 perti-

178 4047 275 4103 nentia
293 4065 347 4103 non
365 4066 455 4118 pauca
474 4055 593 4121 exstant,
617 4065 696 4120 quae,
720 4050 840 4119 silibet,
864 4065 912 4104 suo
932 4050 991 4104 loco
1012 4049 1142 4118 perlegas
1165 4047 1231 4117 (vid.
1250 4049 1319 4116 ,Van

180 4136 241 4189 dem
259 4135 353 4189 Leben
374 4135 556 4190 undWirken
575 4137 692 4204 desPl.‘,
713 4137 765 4206 ,die
785 4137 968 4207 Gesangenen
987 4135 1104 4204 desPl.‘,
1123 4133 1171 4188 ubi
1189 4134 1217 4188 in
1236 4151 1319 4189 anno-

180 4221 331 4276 tationibus
348 4223 481 4277 nonnulla
499 4223 671 4290 exhibentur,
691 4224 795 4294 ,Kritik
805 4225 873 4279 liber
882 4223 926 4278 die
937 4223 1119 4292 Gelangenen
1127 4221 1175 4276 des
1185 4221 1320 4290 Plautus‘,

179 4306 312 4377 imprimis
330 4326 356 4379 p.
367 4309 418 4365 119
428 4327 486 4379 qq.
506 4311 547 4364 ed.
565 4312 739 4366 Lacbmaaai
756 4311 809 4366 vol.
828 4312 891 4380 ΙΠ).
926 4311 1016 4366 Unum
1038 4309 1200 4364 monendum
1217 4311 1320 4364 restat:
