3216 5106
686 314 725 379 67

602 399 810 410 ———----——

134 539 184 594 pro
202 520 260 582 filio
278 525 387 590 patrem
404 520 546 575 adamare:
574 532 664 585 neque
683 515 739 572 alio
763 527 847 572 cansa
866 515 1019 585 Apoecides
1041 531 1150 572 servum
1168 517 1274 585 laudat,

135 627 217 679 quam
240 607 312 678 quod
331 607 453 676 puellam
477 612 535 662 tam
559 604 652 660 facete
676 603 782 657 nescire
808 603 907 658 fecerit
932 619 961 658 se
979 601 1130 672 Periphani
1155 608 1274 672 emptam

136 712 196 752 esse
216 697 251 753 lv.
270 694 342 762 412).
377 693 418 748 Ne
437 691 515 762 longi
534 690 633 746 simus:
656 690 730 760 prior
748 689 796 744 ille
814 690 890 745 locus
908 708 934 745 v.
953 689 1005 744 275
1024 707 1082 758 sqq.
1102 690 1136 744 ad
1156 691 1275 746 leronem

135 785 222 840 solnm
240 781 371 852 pertinet,
390 797 443 850 quo
461 778 541 834 modo
560 793 575 832 e
593 777 666 832 servi
684 777 797 832 consilio
815 775 875 846 ipso
890 775 1000 846 quidem
1013 793 1187 846 nequaqnam
1202 779 1274 834 serio

135 872 169 926 de
188 887 255 926 vera
273 865 420 936 emptionis
439 882 523 920 causo
543 863 661 931 celetur,
687 863 776 918 altero
797 865 833 934 (v.
851 863 904 918 410
922 865 991 932 sqq.)
1016 863 1090 919 servi
1108 865 1214 920 astutia
1232 883 1273 921 re·

135 959 234 1026 fertur,
257 971 312 1024 qua
324 955 469 1026 fidicinam
486 951 625 1006 fortunam
649 951 791 1020 celaverit,
809 967 898 1020 neque
922 955 965 1005 est
984 967 1032 1006 our
1049 951 1120 1006 bunc
1146 970 1206 1008 cum
1224 955 1273 1012 illo

136 1042 224 1098 artius
243 1042 423 1096 conferamus.
440 1069 475 1078 -
492 1039 552 1093 Iam
569 1036 666 1108 liquet,
686 1037 752 1106 qnid
766 1055 815 1092 nos
830 1039 863 1092 de
878 1039 993 1106 antiquo
1010 1039 1061 1092 illo
1072 1039 1169 1108 sermo
1186 1057 1274 1110 nsque

136 1130 170 1184 ad
189 1129 276 1184 vaae
294 1126 454 1197 pertinente
473 1124 635 1196 cogitemus,
655 1141 736 1193 quom
754 1125 943 1180 Frooolocaa'us
960 1124 1109 1196 indagasse
1127 1127 1180 1182 sibi
1198 1128 1273 1185 vide-

136 1221 189 1272 tur.
232 1216 340 1285 Ussiupa'
358 1211 576 1268 emendationem
595 1228 621 1267 v.
639 1212 691 1267 285
708 1213 836 1267 lacunam
853 1211 1039 1280 repudiantis:
1067 1213 1145 1283 ,Nam
1163 1219 1192 1269 te
1210 1217 1273 1272 nolo

137 1319 225 1372 neque
255 1318 323 1372 opus
351 1301 462 1356 laotost‘
491 1316 552 1354 cum
579 1298 634 1354 iam
652 1299 804 1354 Loreueiue
821 1299 840 1352 l.
859 1315 880 1352 s.
900 1315 921 1352 s.
949 1299 1074 1368 Hespero
1104 1302 1274 1358 assentiente

137 1391 239 1460 optimo
267 1389 327 1444 iure
354 1386 521 1457 probaverit,
551 1385 632 1442 simul
656 1386 783 1456 Geppertt
807 1386 932 1456 Ussiupio
959 1391 1101 1456 acceptam
1127 1389 1275 1446 lectionem

137 1495 162 1532 v.
180 1477 233 1532 288
251 1477 299 1530 obs
322 1482 347 1532 te
369 1492 418 1545 pro
438 1476 503 1530 boec
521 1480 545 1528 tc
568 1478 679 1528 tuentes
702 1490 727 1528 v.
744 1471 866 1528 285-87
887 1473 956 1541 (Ge.)
980 1478 1043 1544 post
1060 1474 1112 1530 290
1134 1477 1274 1545 ponendos

138 1579 197 1620 esse
217 1579 367 1618 censemus.

206 1719 251 1787 21)
269 1719 313 1773 De
332 1715 547 1788 Acropolistidis
567 1713 817 1784 Stratippoclisque
836 1715 932 1769 lutura
951 1713 1106 1770 conditione
1125 1716 1160 1772 ol.
1174 1735 1200 1774 v.
1214 1719 1275 1788 604,

133 1805 193 1874 643,
211 1806 283 1862 unde
302 1803 399 1859 militis
418 1819 526 1872 quoque
544 1806 647 1857 sortem
666 1800 790 1855 conicere
808 1801 883 1856 lieet.

202 1960 246 2028 22)
266 1960 308 2014 Ol.
326 1961 378 2014 hac
396 1959 430 2014 de
448 1973 479 2014 re
497 1959 649 2029 Laaqretr.
668 1958 686 2012 l.
705 1973 727 2012 e.
745 1973 767 2012 s.
790 1973 817 2026 p.
835 1956 878 2026 16,
899 1956 976 2012 ouius
994 1958 1162 2014 sententiam
1189 1965 1222 2015 ut
1239 1961 1274 2016 de

135 2046 367 2102 contaminatione
385 2062 440 2102 non
457 2047 612 2116 probamus,
631 2045 673 2099 ita
691 2045 725 2098 de
743 2043 944 2099 retractatione
969 2061 1031 2100 cnm
1053 2050 1148 2102 nostra
1165 2046 1274 2103 ratione

135 2148 286 2204 congruere
295 2151 350 2190 non
359 2133 419 2188 sine
430 2134 578 2202 voluptate
591 2131 738 2201 sensimus3
757 2147 924 2200 quamquam
933 2137 1035 2200 autem,
1054 2131 1084 2186 id
1098 2133 1170 2201 quod
1186 2133 1273 2189 serius

134 2237 182 2275 nos
192 2220 420 2276 animadvertisse
434 2219 546 2290 propria
560 2218 701 2275 sententia
715 2218 991 2274 iamdudum·chartis
1001 2219 1133 2273 mandata
1142 2219 1273 2290 dolemus,

135 2307 266 2362 nonnulla
285 2323 386 2377 eorum,
406 2323 477 2376 quae
496 2307 575 2364 modo
595 2305 745 2362 tractaturi
764 2323 866 2375 sumus,
885 2307 919 2360 ab
938 2305 986 2361 illo
1005 2306 1064 2360 fere
1083 2307 1177 2360 eodem
1195 2307 1273 2362 modo

135 2395 284 2464 explanata
305 2399 378 2462 sunt,
401 2398 434 2448 ut
452 2410 478 2448 v.
496 2392 513 2446 5
531 2407 590 2460 sqq.
609 2397 638 2446 et
656 2409 681 2448 v.
700 2393 812 2461 37-38,
837 2397 931 2446 tamen
953 2396 1050 2448 nostra
1068 2392 1216 2462 reprimere
1241 2411 1272 2450 eo
1370 2420 1376 2434 ·

134 2481 266 2536 libentius
284 2481 450 2546 dubitamus,
479 2495 532 2548 quo
551 2479 674 2534 strictius
692 2477 896 2550 Laapreoaom
913 2479 947 2534 de
969 2494 999 2534 re
1023 2478 1114 2549 egisse
1136 2478 1273 2536 videmus:

135 2568 252 2636 accedit,
272 2569 345 2636 quod
363 2567 516 2624 recentiore
535 2571 659 2636 temporo
677 2565 734 2621 alia
751 2566 862 2636 prolata
880 2572 953 2632 sunt,
973 2582 1043 2634 quae
1055 2583 1109 2621 non
1123 2567 1274 2637 neglegere

136 2660 259 2710 nostrum
278 2654 340 2709 erit.

204 2809 248 2877 23)
275 2811 417 2880 Ussinpius
435 2810 598 2879 Geppertum
620 2813 731 2866 secutus
754 2813 844 2863 totum
867 2825 892 2864 v.
905 2809 930 2864 ·9
951 2807 1066 2878 Epidico
1086 2807 1194 2879 tribuit,
1218 2829 1274 2880 qua

135 2911 164 2950 re
183 2901 279 2950 nostra
296 2897 368 2951 ratio
392 2913 447 2952 non
465 2897 602 2952 turbatur.
638 2895 774 2964 Equidem
794 2895 908 2952 Grutora'
932 2894 1060 2965 vestigiis
1083 2894 1193 2952 innixus
1212 2914 1273 2968 pro·

135 2996 236 3049 ponere
255 2981 352 3037 velim:

169 3085 222 3154 Ep.
253 3084 325 3152 Quid
342 3089 375 3142 tu
393 3085 474 3156 agis?
493 3091 526 3142 ut
544 3085 639 3142 vales?
678 3086 727 3140 Tb.
752 3085 915 3154 Exemplum
933 3084 1021 3139 adest.
1039 3085 1093 3153 Ep.
1121 3086 1273 3158 Intellego!

962 3171 1110 3241 Etgepael

202 3327 246 3396 24)
267 3329 308 3383 ot.
327 3330 529 3400 Louprcbm'um
548 3328 607 3384 sine
623 3327 814 3383 emendatione
828 3326 941 3382 remita
956 3326 1160 3396 expedientem:
1179 3328 1274 3398 ,Quasi

135 3429 199 3468 vero
218 3431 272 3468 non
291 3415 386 3469 eodem
403 3419 527 3486 tempore
546 3415 633 3470 amico
652 3414 812 3484 gratissima
828 3413 918 3470 omnia
931 3414 1040 3483 precari
1057 3413 1200 3484 possimus,
1219 3431 1272 3483 quo

134 3499 247 3555 nimiam
270 3500 328 3554 eins
352 3499 568 3564 festinationem,
595 3501 640 3555 vel
663 3500 853 3571 pertinaciam,
876 3502 922 3556 vel
945 3500 1047 3555 similia
1070 3501 1273 3570 exprobramus.

133 3587 230 3656 Neque
258 3586 390 3641 eiusmodi
415 3586 618 3641 exsecrationes
646 3586 717 3640 serio
737 3585 929 3654 excipiuntur.‘
965 3587 1058 3656 Atque
1084 3587 1136 3642 hoo
1163 3587 1272 3656 quidem

135 3674 317 3730 certissimum
335 3677 386 3728 est.
410 3673 522 3728 —Nos
546 3689 653 3742 quoqne
677 3688 760 3741 supra
783 3672 864 3726 anxie
889 3672 1011 3727 codicum
1033 3671 1161 3744 vestigiis
1185 3673 1274 3728 innixi

134 3761 335 3818 sententiarum
354 3761 476 3816 ordinem
490 3767 574 3830 atque
590 3761 725 3832 originem
741 3759 890 3830 genuinam
904 3759 978 3814 tueri
989 3759 1081 3816 conati
1099 3775 1199 3829 sumne,
1219 3777 1272 3830 qno
1323 3799 1325 3803 -

134 3855 244 3906 tantum
267 3851 392 3906 effecisse
415 3849 493 3905 nobis
517 3849 649 3918 videmur,
673 3855 705 3905 nt
727 3854 834 3906 nosmet
858 3849 917 3904 sine
941 3849 999 3904 ulla
1024 3849 1197 3904 dubitatione
1215 3865 1272 3908 rem

134 3937 245 3992 missam
267 3939 429 4006 faceremus,
458 3937 512 3992 nisi
530 3938 581 3991 hoc
600 3937 659 4006 ipso
683 3938 743 3994 loco
761 3937 860 3994 liceret
885 3938 934 4009 eis,
964 3938 1011 4008 qui
1030 3939 1118 3994 adhuc
1144 3939 1272 3997 inactus

134 4025 216 4094 primi
235 4029 312 4080 statu
330 4026 472 4082 tralaticio
494 4025 643 4095 haesitent,
668 4027 791 4095 exemplo
816 4026 953 4080 commodo
978 4026 1164 4082 demonstrare
1188 4027 1273 4084 etiam

135 4110 205 4166 alias
224 4112 344 4168 medelas
363 4113 441 4169 nobis
460 4119 572 4183 praesto
586 4128 645 4178 esse
664 4113 699 4168 ad
712 4118 854 4181 corruptos
870 4113 944 4166 locos
958 4114 1144 4181 personandos
1162 4131 1179 4168 a
1197 4117 1273 4171 nullo

134 4216 255 4268 unquam
270 4206 450 4270 contemptas,
469 4201 498 4257 in
512 4201 723 4270 transponendis
742 4199 803 4255 dico
817 4199 941 4256 versibus
955 4216 1186 4270 personarumque
1200 4203 1273 4258 notis

135 4287 334 4346 commutandis
361 4287 476 4358 positas,
503 4288 663 4359 priusquam
691 4289 844 4344 consultam
874 4286 1021 4342 cuiuslibet
1045 4289 1275 4347 retractationem
