3216 5106
738 279 778 341 63

188 481 221 537 de
246 481 371 551 Epidico,
390 482 538 554 Apoecide,
557 483 669 538 fidicina
696 484 761 538 solis
789 484 843 538 erit
868 483 1021 539 dicendum.
1038 515 1072 522 —
1094 484 1187 552 Atque
1212 484 1329 554 primum

187 569 297 636 quidem
315 569 339 622 si
349 570 525 642 Apoecidem,
544 571 697 641 Epidicum,
717 570 855 625 fidicinem
873 589 928 625 une
947 570 982 626 cd
1000 571 1125 625 lenonem
1144 571 1184 626 ire
1204 573 1328 641 ponimus

187 657 232 721 161.
252 673 278 711 v.
294 656 347 710 410
361 659 441 726 666),
459 674 538 712 nemo
559 658 620 726 erit,
640 658 687 726 qui
705 658 765 713 fieri
784 675 863 727 posse
888 659 1045 726 contendat,
1068 664 1101 712 ut
1119 659 1197 713 dolus
1214 659 1256 714 116
1274 677 1328 715 666

187 743 344 814 detegetur.
380 744 450 802 Nam
471 744 531 812 quis
550 745 602 798 sibi
620 746 788 814 persuadeat
798 745 964 814 Apoecidem
983 761 1074 799 coram
1092 745 1190 799 lenone
1208 747 1328 814 puellam

186 831 267 884 simul
287 831 433 885 adductam
451 832 527 886 nullo
550 831 634 886 verbo
659 837 938 898 commemoraturum,
962 831 1010 885 sed
1033 836 1091 884 tam
1109 831 1264 900 generatim
1285 849 1327 886 ro-

186 925 324 988 gaturum,
343 922 375 970 ut
385 917 432 972 ille
444 918 570 972 incudem
583 933 638 972 non
652 918 774 972 sentiens
794 918 932 987 (61612)
954 918 987 971 (16
1001 917 1093 986 priore
1107 919 1202 986 puella
1221 919 1328 988 cogitet

186 1011 215 1058 et
232 1005 419 1072 respondeat?
458 1004 535 1071 Quce
560 1004 669 1059 etiamsi
691 1006 799 1074 fierent,
821 1021 876 1058 non
894 1004 1081 1059 dubitaremus
1104 1005 1194 1060 dicere
1217 1013 1328 1075 poetam

185 1093 323 1146 66616666
342 1092 433 1145 dolum
455 1121 491 1130 —-
509 1091 580 1161 ,eine
605 1091 808 1162 ellzuwindige
827 1091 965 1161 Intrigue‘
990 1091 1031 1164 611
1055 1092 1182 1147 (16616166
1208 1093 1237 1147 16
1264 1094 1326 1148 Α61.

186 1195 240 1232 soc.
258 1179 334 1246 Lips.
354 1195 380 1246 p.
399 1177 451 1232 285
469 1209 503 1216 —
521 1178 669 1232 instituere
693 1195 747 1233 non
765 1178 897 1248 potuisse.
914 1209 949 1216 —
967 1178 1075 1232 Deinde
1098 1179 1188 1233 snimo
1207 1195 1326 1248 eompre-

185 1266 334 1320 hendamus
353 1265 500 1334 Epidicum
520 1265 608 1334 ipsum
628 1281 688 1319 cum
706 1266 804 1319 lenone
823 1270 954 1335 agentem
972 1265 1079 1320 induci:
1104 1283 1185 1334 quem
1204 1267 1328 1336 ineptum

185 1353 310 1420 profecto
329 1353 379 1406 hoe
399 1356 472 1406 esset
491 1357 576 1420 atque
595 1353 687 1421 inune,
714 1353 738 1406 si
756 1358 915 1422 spectantes
934 1368 975 1421 ee,
1001 1369 1072 1420 quae
1093 1354 1153 1408 iore
1170 1354 1327 1409 iamdudum

185 1441 219 1494 ab
238 1439 286 1492 illo
300 1445 492 1508 compererunt
512 1439 617 1510 (6312,
628 1440 679 1495 363
692 1440 770 1508 sqq),
789 1440 873 1508 paulo
887 1445 950 1508 post
964 1444 1106 1507 tamquam
1119 1441 1223 1496 iterata
1231 1441 1326 1497 videre

186 1531 365 1595 cogerentur!
401 1527 439 1580 Et
456 1526 524 1580 11661
548 1525 686 1580 fidicinem
710 1527 804 1581 eodem
827 1543 919 1582 secum
943 1527 1034 1596 ducat,
1059 1529 1131 1596 quod
1153 1543 1202 1598 per
1220 1546 1249 1583 sc
1267 1529 1327 1585 veri

185 1612 396 1668 dissimillimum
421 1619 465 1667 est
489 1619 518 1668 et
541 1613 622 1668 claris
646 1613 705 1668 eius
724 1613 815 1669 verbis
833 1613 981 1668 manifesto
1000 1614 1137 1683 obstrepit
1169 1617 1326 1682 (66166616-

184 1699 355 1754 veniam..)
389 1717 415 1755 6.
433 1701 494 1769 365,
519 1703 584 1769 ,ium
613 1715 665 1770 ego
684 1701 872 1769 6666116...ι
895 1717 921 1756 6.
939 1701 989 1755 371
1019 1700 1037 1755 1.
1057 1717 1080 1754 6.
1103 1703 1224 1772 ‚dimotis
1242 1703 1325 1756 werd'

184 1787 228 1841 ich
252 1787 439 1857 beschaffen‘),
473 1786 568 1841 tamen
590 1788 659 1841 hacc
687 1786 804 1842 sermoni
827 1786 976 1854 quidquem
1001 1787 1069 1843 ’6661
1097 1787 1218 1855 16611166
1241 1787 1325 1842 intcr-

183 1875 298 1931 miscere
317 1891 372 1930 non
391 1879 493 1943 potest,
512 1875 559 1928 sed
569 1881 663 1928 tacens
678 1874 803 1928 fraudem
819 1874 908 1928 celare
924 1875 1043 1929 debebit.
1062 1905 1096 1912 --
1114 1875 1153 1928 At
1170 1889 1249 1929 nemo
1267 1875 1325 1930 1616

184 1962 334 2030 quidquem
359 1963 479 2018 voluisse
501 1961 624 2018 videtur:
653 1962 815 2031 Apoecidem
846 1966 921 2016 certo
951 1979 1011 2016 cum
1039 1962 1137 2016 lenone
1160 1962 1326 2032 congredie

183 2049 256 2104 servi
274 2049 364 2104 verbis
384 2049 417 2116 ,si
435 2049 481 2116 qui
500 2049 534 2103 sd
554 2064 616 2103 eum
634 2048 774 2103 61666161ι
793 2065 819 2103 6.
829 2048 881 2103 365
900 2053 1064 2119 coegerunt,
1084 2049 1135 2102 hoe
1155 2048 1244 2118 igitur
1261 2065 1325 2104 num

183 2135 294 2204 probari
318 2139 407 2204 possit
432 2135 641 2190 consideremus.
682 2137 831 2204 Epidicum
853 2150 938 2189 senex
964 2135 993 2188 in
1016 2135 1075 2190 foro
1106 2141 1258 2206 exspectet,
1282 2137 1326 2191 cui

183 2222 251 2277 nihil
269 2223 359 2292 magis
379 2223 530 2278 cavendum
549 2228 600 2290 est,
620 2240 702 2291 quam
719 2238 754 2276 nc
773 2222 908 2292 Apoecidi
926 2221 985 2276 sine
1003 2222 1141 2291 marsupio
1162 2224 1197 2290 (v.
1215 2223 1277 2292 345)
1298 2229 1327 2277 61

183 2327 237 2364 666
262 2310 397 2364 conductu
419 2309 530 2365 fidicina
555 2312 591 2378 [v.
616 2310 677 2377 312)
707 2314 845 2379 occurrat,
872 2309 918 2364 hic
944 2309 1016 2364 enim
1040 2309 1081 2364 116
1103 2327 1158 2364 666
1181 2315 1327 2366 cunctetur

183 2397 303 2464 puellam
330 2397 388 2466 ipse
416 2401 557 2465 empturus
585 2397 712 2451 lenonem
737 2397 812 2450 adire
836 2402 865 2450 61
888 2397 1013 2451 fraudem
1039 2397 1166 2452 nimirum
1193 2397 1323 2468 detegat,

181 2500 265 2552 quare
283 2485 353 2538 bono
374 2483 487 2538 consilio
514 2499 610 2538 servus
633 2482 766 2538 astutiam
784 2483 860 2552 prius
878 2483 1017 2552 instituet,
1042 2499 1123 2550 quam
1146 2499 1238 2538 senem
1263 2502 1324 2540 con-

180 2572 289 2627 venerit
309 2572 354 2639 (cf.
373 2589 399 2627 6.
409 2571 469 2639 312,
480 2571 539 2638 363,
550 2571 601 2625 371
614 2572 698 2638 sqq),
719 2571 838 2624 adducet
857 2570 883 2623 ei
901 2569 997 2624 statim
1016 2571 1178 2624 conductam
1196 2573 1324 2639 puellam,

181 2665 209 2713 et
232 2659 370 2728 quaslibet
395 2674 492 2713 causes
518 2657 547 2712 in
572 2673 619 2712 ore
644 2657 765 2726 habebit,
791 2673 839 2712 cur
862 2673 946 2726 opera
973 2657 1032 2711 eius
1056 2664 1150 2726 spreta
1171 2671 1229 2711 rem
1251 2660 1325 2727 spud

180 2749 307 2801 lenonem
333 2747 387 2800 iem
411 2746 471 2815 ipse
500 2745 659 2800 coniecerit.
697 2745 791 2812 Qualis
821 2761 886 2800 vero
913 2761 986 2800 nunc
1014 2745 1110 2800 fabulo
1137 2750 1237 2814 exstat,
1265 2745 1324 2800 sine

181 2835 336 2903 suspicione
356 2849 447 2889 senem
472 2833 610 2887 fidicinam
636 2832 776 2902 excepisse
801 2833 939 2902 videmus,
963 2837 993 2887 61
1010 2832 1145 2887 faciamus
1168 2849 1229 2887 eum
1252 2835 1325 2888 servi

183 2922 275 2977 verbis
295 2921 414 2975 diffisum
434 2921 469 2974 ad
487 2922 604 2990 lupanar
622 2935 747 2990 pergere,
767 2935 801 2974 ex
820 2921 942 2975 tenebris
963 2919 1112 2974 eruendum
1127 2917 1326 2990 6116666666

180 3009 260 3063 modo
279 3009 330 3062 hoc
349 3007 410 3062 fieri
429 3008 530 3076 possit:
556 3024 620 3062 nem
639 3013 689 3061 661
713 3007 805 3084 cnidos
831 3007 893 3061 11166
912 3023 997 3061 senex
1015 3023 1107 3061 secum
1126 3008 1251 3076 deducet,
1275 3015 1325 3063 661

181 3095 323 3150 fidicinem
340 3095 520 3164 Epidicumne
538 3094 685 3164 relinquet,
705 3097 754 3147 eut
772 3093 890 3162 denique
908 3095 982 3148 solus
1000 3095 1126 3148 lenonem
1144 3094 1224 3149 viset.
1254 3096 1324 3162 Quo·

181 3199 242 3237 rum
260 3187 292 3237 ut
310 3182 435 3252 primum,
459 3182 501 3236 ita
524 3182 643 3236 alterum
668 3194 811 3248 6666666
835 3180 933 3234 fraude
956 3179 1123 3248 perficienda
1145 3197 1256 3249 prorsus
1278 3183 1323 3236 eb-

181 3271 289 3338 horret,
314 3287 377 3325 nam
396 3286 485 3338 neque
504 3269 579 3336 11661,
605 3271 638 3322 61
656 3283 739 3335 supra
757 3266 811 3320 iam
831 3267 956 3336 diximus,
982 3267 1120 3322 fidicinam
1144 3285 1203 3322 cum
1225 3269 1323 3323 lenone

183 3356 324 3424 congredi,
345 3357 403 3410 6166
422 3372 531 3418 servum
550 3357 646 3410 edesse
670 3355 729 3410 6166
748 3354 845 3408 abesse
868 3355 964 3421 mavis,
988 3369 1078 3423 neque
1102 3355 1240 3410 fidicinem
1262 3356 1322 3410 dili-

181 3445 281 3510 genter
301 3443 506 3496 custodiendum
526 3445 562 3510 (v.
579 3441 640 3509 294,
660 3442 722 3510 398)
743 3441 829 3496 solam
846 3442 985 3510 relinquet
1003 3443 1052 3510 116,
1073 3447 1105 3496 61
1124 3459 1183 3497 cum
1200 3445 1320 3512 Epidico

183 3545 238 3582 uiro
257 3529 383 3582 lenonem
403 3529 562 3596 conveniat,
582 3529 617 3582 61.
637 3545 707 3596 6666
726 3529 876 3599 6661666116,
895 3531 913 3583 l.
933 3547 953 3584 s.
974 3547 994 3584 s.
1013 3548 1040 3599 6.
1059 3530 1093 3584 14
1112 3530 1140 3585 16
1159 3529 1233 3584 66116
1254 3530 1322 3584 dicit

181 3615 361 3685 ,Periphanes
392 3615 437 3669 vel
461 3615 613 3684 Apoecides
636 3616 680 3670 vel
705 3615 791 3684 ambo,
819 3617 864 3671 661
888 3615 937 3670 6111
966 3632 1060 3670 senum
1080 3617 1178 3687 legati,
1203 3633 1266 3683 non,
1290 3622 1323 3670 ut

181 3703 310 3758 Goetsiirs
335 3703 403 3757 miro
427 3703 505 3757 modo
529 3703 598 3768 6611,
618 3701 749 3771 Apoecid.
768 3707 797 3756 et
821 3702 880 3772 ipse
898 3703 1038 3772 Epidicus.
1075 3703 1155 3758 Certe
1178 3708 1245 3757 tunc
1269 3721 1323 3757 non

180 3791 459 3860 ,qui...advenient‘
488 3790 608 3860 positum
636 3793 726 3844 66661.ι
773 3791 863 3844 Unum
891 3790 980 3860 igitur
1002 3795 1099 3858 restat,
1127 3795 1160 3845 ut
1186 3791 1322 3860 fingamus

180 3878 341 3945 Apoecidem
358 3879 445 3933 solum
473 3879 506 3932 de
532 3877 670 3946 emptione
693 3877 834 3946 requirere
860 3908 895 3916 —
923 3878 956 3931 de
975 3877 1131 3947 Periphanc
1160 3879 1260 3931 iterum
1287 3878 1323 3931 od

179 3979 205 4018 6.
223 3964 276 4018 285
294 3982 352 4033 sqq.
370 3981 520 4034 provocare
538 3965 624 4019 liceat
641 3996 684 4034 —,
709 3965 781 4032 quod
805 3969 833 4019 et
851 3965 960 4034 Epidici
979 3965 1071 4020 verbis
1095 3969 1124 4018 et
1147 3981 1172 4019 6.
1191 3965 1243 4018 363
1263 3981 1321 4032 sqq.

180 4051 352 4120 aptissimum
371 4058 421 4106 est.
449 4053 502 4106 Sed
519 4057 552 4107 ut
570 4052 626 4106 6116
644 4069 774 4121 magnam
793 4052 874 4106 huius
893 4052 934 4105 rei
953 4051 1157 4121 desperentiem
1176 4051 1322 4106 afferentis

179 4139 353 4208 reticeamus,
373 4155 487 4208 quornm
509 4140 538 4193 id
556 4157 611 4194 non
629 4139 771 4193 minimum
792 4144 846 4208 cst,
871 4139 943 4206 quod
962 4140 1115 4208 Apoecides
1139 4139 1206 4207 quin
1230 4155 1321 4194 coram

179 4227 334 4295 Periphanc
365 4228 401 4294 (6.
419 4227 470 4282 395
489 4229 557 4296 666.)
588 4228 715 4282 lenonem
739 4231 931 4280 commemoret
959 4227 1053 4280 facere
1076 4227 1123 4282 vix
1145 4226 1241 4295 possit,
1271 4241 1321 4280 nec
