3216 5106
834 324 873 385 32

283 525 410 592 tunicae
439 525 588 591 adsutum
621 531 700 606 erat,
732 547 836 611 neque
866 533 988 596 vestem
1018 545 1132 593 ornare
1163 546 1266 610 neque
1297 529 1424 596 omnino

284 630 424 711 conspici
446 631 601 712 potuisse,
625 650 722 714 quum
739 633 824 698 stola
840 639 954 714 operta
976 637 1064 698 esset
1081 669 1131 713 -‚
1153 632 1196 697 sit
1218 632 1313 698 nimis
1331 634 1424 699 anxie

282 733 385 797 Reioe'
406 733 486 799 illud
509 739 637 800 cautum
660 740 717 801 aut
732 737 851 803 rectius
874 736 1013 802 fortasse
1036 737 1082 801 ita
1104 736 1363 818 intellegendum,
1387 742 1424 802 ut

283 838 471 905 matronalis
494 838 603 904 tunica
626 840 766 905 exterior
789 860 829 906 ne
844 838 991 923 pluribus
1007 839 1135 921 quidem
1151 840 1267 906 tunicis
1283 841 1423 923 receptis

282 943 383 1008 stolae
406 942 533 1008 nomine
559 948 683 1010 mutato
707 951 886 1027 ‚supparus‘
914 945 958 1010 sit
980 944 1144 1010 nominata
1172 943 1275 1010 virilis
1303 945 1423 1034 instar:

281 1047 410 1113 licuerit
438 1065 515 1130 ergo
547 1049 643 1113 etiam
673 1048 769 1115 Festo
799 1049 839 1114 de
869 1047 1018 1115 muliebri
1047 1054 1137 1115 veste
1170 1049 1288 1114 dicenti
1320 1053 1423 1120 stolae

281 1151 472 1233 tunicaeque
494 1152 623 1218 nomina
646 1151 853 1219 confundere:
882 1153 1068 1236 neutiquam
1090 1151 1235 1235 profecto
1264 1174 1423 1236 gramma-

281 1256 418 1321 ticorum
451 1255 531 1320 locis
564 1256 765 1338 impedimur,
800 1257 980 1339 quominus,
1015 1275 1077 1339 quo
1111 1257 1241 1339 quidem
1276 1264 1424 1342 tempore

281 1359 545 1424 vestimentorum
576 1360 707 1425 cancelli
738 1358 879 1443 stabant,
915 1361 1046 1425 tunicae
1076 1361 1241 1443 patagium
1272 1363 1423 1430 adsutum

281 1461 382 1528 luisse
405 1464 634 1530 contendamus
664 1469 695 1529 et
716 1464 868 1528 ealerc'ore'
895 1469 1126 1529 matronarum
1156 1465 1176 1530 i.
1201 1467 1366 1551 estolae,
1393 1474 1424 1533 et

283 1567 492 1631 meretricum
517 1567 671 1632 dicterium
696 1569 747 1634 vel
780 1567 926 1652 pluribus
954 1570 1115 1636 concessis
1143 1570 1238 1635 alteri
1265 1573 1422 1640 tertiaeve

280 1689 343 1735 non
366 1671 447 1737 adeo
470 1677 547 1754 toga
570 1673 704 1752 velatae,
733 1678 770 1738 ut
793 1679 1016 1739 ornamentum
1042 1674 1169 1739 lateret.
1216 1674 1286 1751 Qua
1314 1683 1421 1742 autem

280 1793 379 1840 causa
400 1777 588 1842 meretrices
610 1783 728 1859 negata
750 1778 835 1843 stola
851 1778 982 1842 lauicos
997 1778 1086 1844 vario
1102 1777 1196 1843 modo
1213 1780 1421 1860 pretiosiores

280 1879 492 1962 reddiderint,
520 1881 573 1945 vix
595 1881 628 1946 in
651 1879 748 1946 dubio
772 1887 831 1946 est.
877 1883 1016 1948 Proinde
1045 1900 1108 1964 quo
1131 1881 1292 1946 Baedorus
1314 1884 1334 1948 l.
1352 1903 1376 1950 s.
1394 1903 1419 1952 s,

283 1987 331 2051 ΙΙΙ
346 2007 376 2068 p.
397 1989 456 2050 143
473 1983 590 2067 probet
604 1987 770 2068 patagium
783 1986 949 2050 nobilium
964 1986 1155 2052 feminarum
1170 1985 1270 2052 fuisse
1285 1987 1420 2072 insigne,

279 2109 337 2156 oos
360 2089 455 2173 plane
477 2088 569 2172 fugit.
616 2089 766 2156 Ceterum
789 2090 992 2173 Boettc'peras
1014 2091 1083 2172 ipse
1106 2091 1298 2156 sententiam
1319 2093 1419 2158 multo

284 2195 410 2259 cautius
434 2194 555 2258 chartis
577 2194 741 2258 mandavit
763 2213 858 2277 quam
880 2194 1042 2258 Becberus
1066 2201 1098 2260 et
1127 2194 1323 2278 Wupneras3
1347 2215 1420 2261 nam

280 2299 423 2364 scribens
452 2299 537 2379 (pag.
555 2297 631 2380 377)
667 2298 774 2378 ,Diese
803 2299 949 2365 Bordlire
978 2317 1044 2364 war
1074 2298 1245 2382 eipentlc'cb
1278 2319 1339 2364 nur
1369 2301 1420 2365 ein

279 2401 439 2468 Vorrecht
461 2401 519 2466 der
541 2401 731 2481 Matronen‘,
755 2401 943 2468 mulieribus
966 2395 1147 2486 promiscue
1169 2403 1334 2485 patagium
1357 2421 1419 2468 non

280 2505 455 2572 abiudicat:
480 2510 669 2587 argumenta
691 2525 767 2573 vcro
791 2507 969 2572 sententiae
992 2508 1024 2572 in
1047 2507 1106 2573 hac
1124 2525 1255 2590 ,quoque
1277 2525 1313 2573 re
1336 2508 1420 2574 desi-

282 2609 443 2676 decamus.

370 2715 523 2781 Fortasse
546 2713 686 2780 sufficiat
716 2715 749 2779 in
770 2715 822 2780 his
844 2717 1047 2797 acquiescere
1078 2720 1175 2797 atque
1204 2734 1262 2797 pro
1293 2713 1420 2780 fabulae

280 2823 468 2900 argumento
492 2818 534 2883 ad
556 2818 743 2884 meretrices
766 2819 851 2884 solas
873 2819 978 2884 locum
1000 2817 1186 2902 referre:³⁸)
1210 2820 1266 2885 sed
1288 2838 1328 2886 ne
1343 2821 1419 2885 Fer-

281 2922 402 2987 rarium
433 2957 476 2968 -
506 2921 561 3003 qui
594 2922 658 2986 iam
690 2923 722 2986 in
756 2941 834 2988 voce
867 2923 983 3006 regillo
1016 2941 1043 2987 v.
1063 2926 1124 2988 223
1159 2929 1268 2988 monet
1300 2923 1333 3008 (l.
1351 2943 1375 2988 s.
1393 2941 1417 2988 s

279 3027 347 3108 lp.
366 3007 457 3107 239):
492 3025 582 3104 ‚Heio
603 3030 711 3090 autem
745 3026 792 3092 Pl.
824 3027 921 3092 etiam
955 3031 1174 3093 matronarum
1209 3027 1317 3092 luxum
1347 3047 1419 3110 per-

280 3130 440 3212 stringere
456 3133 579 3194 certum
595 3131 655 3195 est‘
672 3167 713 3176 —
730 3135 918 3214 ceterosque
941 3149 1060 3212 omnes,
1084 3132 1138 3214 qui
1160 3150 1244 3197 vers.
1267 3131 1332 3196 illis
1354 3151 1419 3196 ma-

284 3237 452 3298 tronarum
473 3234 631 3300 luxuriem
653 3236 743 3316 tangi
765 3236 944 3316 voluerunt,
968 3235 1176 3316 neglegentes
1204 3235 1342 3319 speciem
1364 3255 1419 3300 au·

279 3335 389 3402 daciae
404 3337 437 3401 in
451 3355 511 3402 nos
527 3338 786 3403 committamusz.
802 3337 943 3402 babeant
956 3344 1125 3403 malrmcuc
1137 3340 1223 3403 soloe
1233 3339 1418 3423 pelagium,

278 3440 419 3504 babeant
432 3441 532 3505 ctiam
549 3441 744 3505 ircdccsaune:
767 3461 808 3504 ne
822 3442 871 3506 e'to
886 3442 1018 3524 quidem
1029 3463 1143 3507 versas
1157 3443 1285 3507 ratione
1297 3447 1416 3506 carent.

365 3543 447 3610 Nam
471 3546 499 3610 si
521 3550 619 3628 poeta
640 3546 918 3612 meretricularum
941 3547 1099 3612 luxuriem
1126 3547 1299 3630 obiurgans
1322 3547 1419 3612 vesti·

279 3648 395 3714 mentis
425 3649 613 3716 mulieribus
644 3651 803 3717 universis
840 3650 1058 3718 communibus
1096 3652 1228 3718 nomina
1264 3650 1419 3734 quaedam

278 3753 479 3819 intermiscet
508 3753 549 3818 ad
580 3760 744 3822 matronas
775 3756 884 3838 potius
907 3755 1087 3836 referenda,
1119 3756 1153 3822 id
1180 3766 1307 3838 quoque
1337 3755 1418 3820 bono

279 3855 414 3922 consilio
437 3876 616 3940 magnaque
643 3865 714 3924 arte
743 3861 875 3926 molitus
903 3866 962 3926 est.
1008 3860 1170 3926 Discimus
1202 3861 1285 3925 enim
1309 3879 1326 3926 e
1348 3858 1418 3924 Livi

277 3959 353 4025 hist.
370 3961 390 4025 l.
407 3961 543 4026 XXXIV
566 3979 592 4027 c.
612 3968 626 4026 1
653 3961 787 4028 effusum
810 3963 940 4044 cultum,
965 3965 1019 4047 qui
1041 3964 1113 4046 lege
1129 3963 1232 4046 Oppia
1255 3967 1419 4044 sumptua-

276 4065 326 4130 ria
351 4064 569 4147 coercebatur,
593 4083 656 4130 non
679 4066 712 4130 in
728 4068 843 4134 scortis
863 4072 992 4156 tantum
1008 4067 1159 4150 viguisse,
1185 4085 1266 4149 quae
1288 4065 1419 4132 habitus

278 4173 467 4234 ornamenta
482 4173 636 4250 quaestus
659 4188 757 4236 causa
779 4172 955 4254 appetiisse
969 4189 1028 4254 per
1043 4189 1078 4237 se
1093 4169 1261 4254 probabile
1278 4155 1337 4250 est,
1362 4169 1419 4235 sed

278 4274 442 4338 matronas
476 4271 562 4353 ipsas
585 4272 665 4340 adeo
688 4276 905 4358 occupavisse,
940 4279 977 4340 ut
1011 4273 1099 4340 nulla
1132 4293 1191 4342 nec
1225 4275 1419 4342 auctoritate
