3216 5106
858 287 898 350 20

391 488 531 559 Proinde
546 497 652 558 exstat
675 498 772 578 atque
788 494 915 576 eminet,
940 495 1018 581 quid
1039 515 1098 562 nos
1115 497 1154 562 de
1177 495 1445 565 contaminatione

304 595 433 662 fabulae
455 598 631 680 cogitemus
655 616 756 682 eaque
777 617 878 680 prava
907 637 950 645 —
980 619 1022 665 an
1051 600 1243 667 laudandam
1273 621 1345 668 esse
1376 605 1443 686 opi-

305 719 418 766 nemur
441 719 521 783 eam,
552 701 672 786 inqua
701 701 916 784 negligentiae
939 704 1076 786 vestigia
1104 709 1171 770 tam
1197 705 1369 772 manifesta
1391 728 1444 774 ex-

304 810 401 886 stent,
426 825 521 891 quam
543 805 755 890 Ladewc‘pc'as
777 808 796 872 l.
822 825 846 872 s.
871 826 896 872 s.
921 806 983 872 sibi
1005 809 1190 890 persuasit?
1229 810 1329 876 Immo
1353 817 1444 878 tanta

303 929 375 976 cum
398 915 477 990 arte,
502 910 530 976 si
545 929 581 976 re
596 929 674 976 vera
688 911 769 978 hanc
784 910 926 978 fabulam
942 914 1179 993 contaminavit,
1202 920 1299 997 poeta
1312 936 1443 984 munere

302 1014 431 1081 iunctus
454 1020 514 1098 est,
544 1019 667 1082 utnon
696 1015 759 1081 nisi
791 1035 829 1081 ex
859 1014 1023 1084 uberrima
1051 1019 1232 1100 argumenti
1263 1021 1355 1102 copia
1378 1023 1442 1087 tale

302 1120 423 1204 aliquid
436 1119 565 1186 odorari
577 1125 674 1206 atque
687 1120 881 1204 investigare
892 1122 1009 1204 possis.
1033 1122 1076 1188 Et
1087 1123 1134 1188 ita
1146 1124 1210 1188 iam
1221 1123 1264 1188 a.
1274 1124 1442 1189 Malleras

302 1223 335 1308 (l.
350 1242 377 1289 s.
391 1242 416 1290 s.
439 1244 470 1306 p.
488 1223 532 1307 4),
555 1223 781 1288 110111110νᾶ1οε
804 1224 965 1309 (Stadern.
984 1227 1101 1292 studl
1122 1249 1153 1310 p.
1175 1228 1259 1312 108),
1288 1229 1442 1294 Goctaa'as

301 1328 376 1410 (act.
400 1346 463 1394 soc.
487 1327 564 1410 phil.
596 1328 683 1411 Lips.
706 1328 753 1394 VI
782 1350 814 1412 p.
832 1334 893 1396 297
910 1349 992 1416 sqq,
1029 1336 1090 1396 315
1108 1351 1179 1418 sqq.
1208 1338 1241 1398 et
1268 1333 1369 1416 praei.
1399 1335 1441 1400 ad

297 1434 389 1518 Epid.
408 1438 529 1499 annott.
553 1454 583 1516 p.
600 1433 689 1516 XXI)
712 1433 935 1500 iudicaverunt
954 1434 1097 1501 dicentes
1120 1455 1248 1502 causam
1270 1457 1334 1504 non
1358 1459 1439 1519 esse,

299 1558 356 1604 cur
370 1538 539 1621 Epidicum
562 1537 812 1604 contaminatam
833 1542 992 1620 putemus,
1017 1539 1067 1604 oui
1091 1543 1271 1608 sententiae
1293 1541 1440 1610 libentis-

298 1645 377 1709 sime
407 1643 585 1723 annuimus,
620 1641 770 1727 quoniam
801 1642 1084 1724 diligentissimum
1119 1650 1249 1726 poetam
1279 1648 1376 1712 etiam
1405 1648 1439 1712 in

297 1746 472 1814 levioribus
494 1745 592 1813 rebus
616 1765 650 1812 se
672 1745 879 1828 praestitisse
903 1747 1057 1831 videmus,
1082 1747 1220 1832 atquae
1243 1749 1327 1816 infra
1349 1770 1435 1836 seqq.

296 1871 369 1934 pag.
387 1857 439 1917 45.
466 1891 505 1899 —
529 1852 603 1918 Jam
624 1870 701 1918 vero

628 2005 667 2090 do
695 2004 827 2091 latriae
855 2005 1097 2091 retractatione

300 2164 433 2230 Osanna
456 2163 560 2251 (Amal.
585 2167 655 2232 crit.
680 2187 707 2232 a.
736 2173 817 2232 1816
847 2168 918 2234 edd.
941 2189 973 2250 p.
991 2167 1078 2250 197),
1109 2167 1228 2231 Blasio
1257 2168 1369 2252 (prael.
1394 2169 1434 2234 ad

295 2273 467 2338 Trinumm.
484 2291 514 2354 p.
530 2277 548 2336 8
565 2275 686 2337 aunott.
701 2271 765 2353 27),
783 2270 995 2354 Retrahardta
1018 2272 1161 2354 (1011110,
1178 2271 1327 2357 Hespero
1342 2273 1361 2336 l.
1372 2292 1397 2338 S.
1408 2291 1432 2338 S.

291 2375 428 2460 probata
448 2381 579 2460 praeter
601 2394 648 2452 ea,
673 2395 756 2462 quae
778 2376 811 2440 in
825 2375 989 2458 prioribus
1013 2377 1231 2443 examinandis
1254 2379 1430 2459 tetigimus

292 2483 445 2548 nonnulla
473 2485 548 2546 sunt
569 2480 807 2563 perpendenda,
836 2481 933 2564 idque
954 2501 1069 2547 munus
1093 2501 1130 2548 eo
1160 2479 1342 2547 accuratius
1366 2480 1433 2547 obi-

290 2585 405 2666 bimus,
440 2604 502 2670 quo
529 2586 651 2652 rectius
673 2584 845 2669 Hesperus
860 2591 985 2666 monet,
1017 2605 1068 2668 ,ne
1092 2604 1347 2671 unumquemque
1375 2586 1432 2650 im-

291 2691 437 2772 peditum
468 2695 501 2756 et
524 2695 712 2772 corruptum
741 2688 869 2756 fabulae
900 2691 1004 2757 locum
1034 2696 1285 2757 retractatorum
1316 2690 1432 2755 studiis

290 2800 440 2862 vexatum
462 2813 533 2860 esse
559 2794 746 2876 iudicemus,
774 2795 964 2880 priusquam
991 2796 1077 2862 omni
1100 2795 1269 2877 diligentia
1296 2795 1359 2859 alia
1381 2814 1431 2859 re·

289 2900 396 2966 media
418 2899 565 2985 quaesita
587 2899 673 2965 sint‘

377 3003 469 3082 Quod
499 3002 726 3067 Rciatardtcs
760 3003 793 3068 in
826 3022 897 3068 nov.
928 3021 999 3068 ann.
1032 3022 1060 3068 v.
1082 3009 1140 3068 111
1174 3001 1286 3086 (1876)
1317 3023 1350 3085 p.
1370 3008 1428 3067 199

289 3107 429 3174 fabulam
459 3112 669 3174 retractatam
700 3126 771 3174 esse
800 3127 860 3190 pro
892 3113 979 3172 certo
1009 3107 1174 3189 proponit,
1208 3107 1284 3191 quia
1314 3106 1427 3172 nemini

288 3213 352 3278 nisi
374 3213 508 3294 Epidico
533 3249 572 3258 -
597 3213 647 3278 eui
671 3231 743 3278 cum
765 3211 969 3295 Laroprelna'o
993 3212 1037 3294 (p.
1058 3210 1109 3293 11)
1133 3210 1348 3292 Periphanem
1373 3209 1427 3276 ad-

287 3317 420 3399 iungere
442 3336 613 3399 possumus
636 3335 754 3382 -res
776 3335 932 3398 prospere
948 3315 1107 3397 succedat,
1132 3313 1291 3400 finemque
1315 3315 1428 3380 decur-

286 3426 390 3486 tatum
421 3419 560 3502 exhibet,
592 3421 677 3504 quod
708 3425 887 3486 ceterarum
918 3438 1129 3501 personarum
1158 3418 1289 3484 fortuna
1319 3417 1429 3502 iniqua

287 3525 424 3607 caligine
446 3531 621 3608 prematur,
657 3524 795 3607 primum
825 3543 940 3606 rogare
972 3525 1077 3604 liceat,
1119 3524 1266 3609 quisnam
1288 3521 1354 3587 filio
1379 3521 1427 3585 in-

286 3629 447 3696 constanti
481 3635 514 3695 11
548 3630 729 3713 queruloso,
769 3616 896 3711 procaci
936 3628 1177 3710 Acropolistidi,
1216 3625 1427 3710 grandiloquo

283 3734 378 3800 militi
401 3732 562 3799 fortunam
589 3734 756 3800 meliorem
786 3736 886 3816 optet,
916 3751 1011 3818 quam
1039 3750 1121 3816 quae
1148 3729 1259 3796 fabula
1285 3731 1357 3812 ipsa
1379 3730 1427 3794 in·

284 3837 431 3904 dicetur?
468 3838 608 3904 Lenonis
631 3856 709 3904 vero
732 3842 842 3920 partes
866 3856 923 3902 eur
945 3856 1010 3902 non
1032 3839 1228 3918 spectentur,
1261 3835 1324 3900 iam
1347 3833 1427 3900 satis

283 3942 534 4008 monstravimus
557 3941 609 4026 (el.
634 3962 666 4024 p.
687 3947 724 4006 12
741 3939 839 4024 sqq.);
864 3945 897 4006 et
919 3941 1067 4026 quamvis
1090 3959 1153 4006 non
1176 3956 1329 4022 negemus
1352 3937 1427 4002 Phi-

284 4045 405 4128 lippam
427 4043 526 4110 tiliam
547 4065 657 4111 veram
680 4046 894 4112 invenientem
916 4064 979 4110 non
1003 4045 1071 4110 sine
1094 4043 1252 4125 applausu
1275 4043 1308 4107 in
1331 4061 1427 4108 scena

283 4169 342 4216 nos
366 4150 495 4216 visuros
519 4169 600 4230 esse,
624 4151 653 4216 si
675 4151 707 4215 in
729 4148 858 4233 publico
887 4150 949 4215 hoe
971 4147 1073 4231 fieret,
1101 4153 1221 4227 tamen,
1246 4167 1345 4234 quum
1368 4147 1425 4212 du-

280 4251 370 4322 bium
402 4273 466 4321 non
493 4255 545 4337 sit,
573 4256 651 4343 quin
677 4253 927 4340 congrediantur
959 4253 1011 4338 (ci.
1035 4272 1063 4320 v.
1083 4258 1155 4334 604,
1181 4253 1267 4336 651),
1300 4256 1426 4318 tantum
