3216 5106
693 209 733 272 65

610 297 817 304 -——-—--

140 416 258 488 Epidico
277 431 332 470 non
355 415 449 470 ductos
473 414 598 469 lenonem
624 414 803 484 quaesivisse,
829 413 876 468 sed
899 431 953 469 non
971 413 1116 484 invenisse,
1140 416 1212 484 quod
1231 412 1283 484 ipsi

141 523 193 561 nec
211 504 319 558 domum
337 517 388 556 nec
406 500 541 556 hominem
557 505 712 557 noverant?
730 531 764 540 —
781 502 821 556 Ut
831 501 987 569 quaestioni
997 501 1105 555 modum
1115 505 1283 556 statuamus:

142 591 300 647 stolidiores
319 605 384 644 vero
405 603 533 655 essemus,
557 587 581 642 si
600 587 774 657 opinaremur
798 587 971 643 adversarios
994 587 1049 642 iam
1072 590 1195 656 repulsos
1215 603 1283 655 esse,

143 679 199 748 qui,
227 694 311 732 unum
329 681 362 730 ut
387 675 509 743 afferam,
533 675 629 730 dicant
651 691 810 745 perversum
837 691 896 730 esse
921 691 955 730 ex
978 691 1019 744 ea,
1048 691 1119 743 quae
1141 693 1214 730 nunc
1233 681 1284 742 est,

143 767 255 821 tabidae
274 763 431 818 conditione
450 763 573 817 conicere
583 763 665 832 velle,
683 780 748 818 nuru
766 763 875 817 haevel
894 763 959 817 illae
974 777 1106 832 personae
1122 777 1284 831 suppressae

143 868 242 908 scenae
272 851 459 906 convenerint.
500 851 541 905 Ne
569 867 619 906 nos
649 851 758 920 quidem
786 851 982 921 dubitaremus
1011 852 1035 905 si
1054 851 1144 907 omnia
1171 853 1285 908 consilia

143 939 289 1009 frigerent,
310 939 345 992 ad
364 937 561 993 auctoritatem
579 938 688 993 illorum
707 938 872 1008 confugere,
896 939 944 992 sed
962 955 1046 1006 quum
1069 938 1155 994 liceat
1173 955 1207 994 cx
1225 941 1286 1009 ipsa

143 1026 239 1081 fabula
249 1031 414 1094 argumenta
428 1025 597 1080 sumentibus
613 1025 722 1080 ratione
733 1025 877 1080 admodum
892 1024 1010 1094 simplici
1024 1024 1182 1082 universum
1197 1029 1285 1084 locum

144 1113 281 1182 expedire,
301 1118 426 1180 nonest,
453 1127 500 1166 cur
518 1112 642 1167 fabulam
665 1112 707 1167 ita
724 1111 921 1180 interpolatam
944 1115 974 1166 et
993 1113 1131 1167 turbatam
1154 1113 1285 1184 dicamus,

143 1207 177 1255 ιιι
201 1201 329 1270 integrae
352 1215 451 1255 scenae
476 1200 604 1255 sublatae
627 1215 662 1254 ne
686 1197 842 1267 suspicione
866 1198 976 1266 quidem
998 1199 1110 1254 restitui
1133 1200 1240 1269 possint
1258 1207 1287 1254 et

144 1304 233 1358 paene
251 1289 401 1343 verendum
421 1287 460 1340 sit
477 1285 592 1354 Epidico
611 1285 707 1340 Plauti
725 1300 824 1340 nomen
842 1284 999 1341 inscribere.

215 1447 258 1515 16)
278 1445 378 1500 llerito
393 1443 464 1498 enim
473 1444 507 1498 L.
518 1442 639 1513 flagitat,
657 1448 690 1497 ut
706 1441 838 1498 eiusmodi
854 1441 1028 1496 consiliorum
1043 1444 1161 1499 mutatio
1176 1453 1287 1515 aposta

145 1532 335 1602 aliquomodo
359 1529 510 1598 indicetur,
539 1530 657 1584 alteram
682 1546 801 1598 causam,
830 1545 912 1596 quarn
934 1528 1045 1584 maioris
1070 1532 1200 1586 momenti
1227 1549 1286 1588 esse

144 1625 235 1691 putat,
255 1635 289 1674 ex
308 1617 356 1687 eis,
376 1631 447 1684 quae
466 1632 550 1684 supra
568 1616 716 1684 posuimus,
735 1617 852 1684 probare
867 1631 921 1670 non
939 1633 1090 1688 possumne,
1109 1635 1172 1673 nam
1191 1620 1287 1688 ,mixta

145 1709 212 1762 rniro
231 1706 309 1760 modo
328 1710 358 1758 et
375 1704 495 1758 interae
514 1703 628 1759 confusa
648 1703 770 1757 consilia‘
788 1719 842 1758 non
853 1699 1097 1772 ,deprehendimus

216 1863 259 1930 17)
280 1861 309 1916 Si
334 1877 427 1916 eorum
455 1859 613 1914 memoriam
641 1859 801 1928 repetimus,
836 1875 906 1928 quae
931 1859 1084 1929 Apoecides
1115 1863 1148 1916 de
1177 1863 1288 1919 fidicina

145 1949 285 2017 disseruit,
312 1947 475 2016 Periphanta
501 1946 627 2015 quaestio
656 1946 726 2000 mira
754 1946 865 2002 videtur
892 1948 1028 2017 rogantis,
1055 1965 1127 2017 quae
1154 1951 1288 2018 quomodo

145 2038 240 2107 pirella
259 2036 332 2090 sciat
350 2051 384 2089 ex
395 2033 543 2103 Apoecidis
562 2034 671 2102 quidem
691 2033 827 2088 relatione
847 2033 976 2104 intellegi
994 2052 1049 2090 nou
1067 2041 1173 2106 potest3
1193 2054 1288 2105 quam-

145 2141 228 2193 quam
245 2125 317 2178 hanc
335 2137 444 2190 quoque
462 2136 520 2176 rem
538 2121 613 2176 haud
637 2121 693 2174 scio
712 2137 749 2176 au
767 2121 975 2190 elegantissime
998 2129 1082 2191 poeta
1100 2128 1288 2193 apparaverit.

145 2212 215 2265 Nam
239 2225 323 2278 quum
346 2223 431 2262 senex
449 2225 466 2262 a
485 2206 573 2262 milite
601 2223 766 2275 quamquam
794 2207 853 2276 ipso
882 2207 942 2262 veri
968 2223 1059 2263 rerum
1086 2215 1178 2266 status
1202 2211 1288 2268 inscio

147 2297 249 2350 certior
267 2297 360 2350 factus
384 2295 423 2350 sit
440 2293 579 2348 fidicinam
597 2293 745 2348 adductam
768 2309 823 2348 non
843 2309 902 2348 esse
923 2310 991 2364 eam,
1016 2313 1098 2364 quarn
1121 2297 1180 2366 ipse
1199 2315 1288 2354 emen-

146 2384 209 2437 dam
232 2387 388 2449 curaverat,
416 2379 609 2435 stolidissimus
634 2385 717 2444 esset,
745 2379 799 2434 nisi
822 2381 1010 2450 suspicaretur
1035 2399 1094 2438 rem
1116 2383 1190 2440 inter
1212 2385 1288 2440 illam

146 2485 309 2538 servitioque
329 2467 501 2534 convenisse,
521 2472 550 2520 et
567 2467 729 2520 recordatus
747 2467 859 2522 taudem
868 2467 1036 2536 Apoecidem
1053 2486 1088 2524 ne
1106 2487 1160 2526 uno
1180 2472 1289 2539 quidem

146 2559 230 2612 verbo
259 2556 424 2625 emptionem
444 2572 461 2608 a
479 2570 509 2608 se
527 2559 669 2622 patratam
696 2553 807 2620 dixisse,
835 2543 884 2609 sed
911 2555 945 2608 de
973 2572 1029 2610 nna
1047 2557 1156 2625 Epidici
1185 2560 1291 2612 astutio

105 2665 112 2717 ᾗ
147 2645 232 2700 verba
258 2644 366 2712 fecisse,
398 2643 557 2698 universam
586 2640 770 2709 suspicionem
797 2641 831 2694 de
859 2643 969 2710 puellae
997 2643 1059 2697 dolo
1088 2643 1290 2714 Apoecidisque

148 2731 272 2786 socordia
292 2736 413 2785 coortam
430 2729 473 2784 his
491 2728 582 2784 uerbis
602 2727 754 2796 eloquitur:

357 2851 496 2905 Mercatus
515 2854 544 2902 te
563 2848 644 2903 hodie
663 2854 707 2903 est
725 2849 758 2903 dt
776 2849 875 2904 lenone
893 2849 1064 2918 Apoecides?

148 2989 202 3040 qua
221 2971 384 3042 quaestione
405 2977 433 3024 et
451 2969 580 3024 fidicinae
598 2985 728 3040 responso
747 2975 809 3024 tota
829 2970 905 3024 fraus
925 2970 980 3025 cito
1000 2969 1112 3026 corruit.

217 3145 261 3213 18)
280 3145 399 3200 Necesse
418 3143 546 3198 nimirum
565 3148 608 3198 est
626 3143 773 3213 fidicinam,
792 3144 816 3198 si
835 3144 944 3212 quidem
960 3144 1070 3199 nomina
1085 3144 1134 3198 illa
1148 3161 1201 3200 non
1221 3163 1290 3202 com-

148 3231 229 3301 perit,
248 3231 323 3300 prior
340 3248 404 3300 pars
424 3230 614 3286 altercationis
641 3231 742 3301 fugiat,
767 3229 808 3286 ita
832 3237 864 3286 ut
887 3231 1098 3300 Acropolistidis
1124 3232 1290 3288 mentionem

149 3318 237 3372 utre
255 3318 473 3386 Periplranisque
491 3333 651 3386 responsum
668 3335 722 3372 non
741 3318 851 3388 audiat,
870 3334 958 3387 neque
974 3318 1140 3388 dubitamus,
1160 3319 1226 3388 quin
1236 3321 1291 3376 arti

150 3403 313 3458 liistrioniae
331 3406 407 3460 nullo
426 3406 504 3460 modo
523 3411 662 3474 repugnet
680 3405 819 3460 fidicinam
848 3407 962 3460 aedibus
992 3407 1120 3460 eductam
1147 3407 1181 3460 ab
1210 3406 1291 3461 initio

150 3489 323 3544 rernotiorem
351 3497 426 3546 stare
455 3509 537 3560 quam
563 3497 596 3545 ut
624 3493 708 3546 verba
736 3493 786 3547 illa
805 3493 900 3547 audire
920 3493 1021 3562 possit3
1051 3508 1121 3560 quae
1140 3499 1293 3560 sequuntur

151 3592 224 3646 vero,
245 3593 292 3631 cur
311 3577 336 3632 ei
355 3583 423 3632 nota
441 3578 491 3632 illa
509 3584 646 3648 putemus,
665 3578 721 3633 iam
738 3579 963 3649 significavimus.
1000 3579 1101 3634 Contra
1124 3579 1148 3633 si
1174 3580 1292 3650 Stratip-

150 3663 236 3735 poclis
248 3664 466 3734 Periphanisque
484 3665 594 3720 nomina
613 3665 698 3734 novit,
719 3681 751 3720 en
773 3681 813 3735 ea,
833 3683 915 3734 quarn
930 3667 1008 3721 modo
1021 3665 1177 3721 institutori
1191 3683 1292 3733 sumna,

149 3753 257 3807 ratione
272 3751 339 3806 licet
349 3751 560 3821 Acropolistidis
572 3753 856 3808 commemorationem
876 3753 1005 3823 excipiat,
1024 3759 1118 3808 tamen
1129 3753 1193 3808 inde
1203 3771 1293 3822 neque

151 3839 260 3909 colligit
284 3839 361 3893 illam
381 3839 471 3908 ,domi‘
491 3855 550 3893 esse
571 3837 616 3898 t'cf.
627 3857 652 3894 v.
662 3839 714 3894 578
733 3840 787 3910 ,hic
809 3840 865 3894 alia
879 3839 1000 3906 nullast,‘
1020 3839 1292 3910 deinder.503sqq.,

150 3926 202 3979 400
212 3927 290 3994 sqq),
309 3929 341 3979 ut
355 3925 415 3979 seni
429 3926 547 3994 priorem
561 3942 669 3995 quoque
684 3927 810 3981 frerulem
825 3928 907 3997 plane
922 3928 1030 3998 prodat,
1049 3942 1138 3996 neque
1154 3932 1228 3982 certo
1242 3928 1293 3982 hac

150 4029 181 4066 re
200 4011 354 4079 adducitur,
372 4017 405 4064 ut
423 4029 532 4068 servum
550 4013 673 4068 adiuvet.
690 4045 725 4052 -
744 4014 822 4082 Quod
840 4016 1018 4086 adSculr'qeri
1036 4018 1129 4069 annot.
1145 4015 1188 4068 ad.
1205 4031 1231 4070 u.
1243 4014 1294 4069 417

153 4098 244 4165 (4121)
271 4111 305 4150 ex
330 4099 478 4167 exemplari
501 4101 631 4155 Leideuei
654 4100 772 4170 petitam
801 4101 905 4156 attinet
929 4103 964 4172 (v.
989 4103 1078 4158 Goete.
1102 4101 1182 4171 Epid.
1207 4103 1293 4170 praef.

151 4201 177 4254 p.
196 4184 283 4252 XXI),
308 4183 394 4238 libere
420 4185 540 4242 latemur
562 4204 611 4243 nos
634 4204 688 4242 non
707 4186 871 4258 intellegere
897 4206 949 4258 quo
972 4189 1050 4244 modo
1075 4189 1130 4243 dici
1152 4187 1240 4258 possit
1258 4188 1294 4256 ,in
