3216 5106
315 504 412 571 etiam
436 509 532 570 antea
547 521 610 570 non
633 503 781 586 puditum
804 503 847 568 sit
865 501 1025 568 fidicinam
1048 521 1169 582 amare3
1194 503 1311 585 inique,
1335 503 1469 588 siquid

314 609 470 676 videmus.
503 608 575 674 Non
597 626 694 674 verus
717 608 913 690 animatque
937 607 1081 674 sincerus
1097 612 1147 672 est
1168 607 1273 690 pudor
1295 608 1468 674 11198111-

314 713 484 796 tippoclis3
511 731 576 778 non
601 711 727 776 comma
754 731 827 778 eum
849 711 949 793 pudet
972 712 1118 794 captivae
1140 711 1277 794 puellae,
1307 713 1365 778 sed
1397 734 1464 778 am-

314 818 417 882 moras
439 817 514 883 inde
537 817 649 896 coorti,
673 815 758 898 quod
782 816 916 884 amicam
939 817 980 883 de
1001 817 1123 899 praeda
1144 823 1305 884 mercatus
1327 817 1468 884 danista

265 941 268 946 ·
315 920 487 989 comitante
510 926 622 1003 aperte
645 921 678 988 in
700 921 838 988 militum
861 922 987 1005 agmine
1009 921 1152 988 Athenas
1179 940 1288 988 secum
1309 922 1465 1006 adduxit,

314 1048 378 1095 non
401 1026 682 1094 sineinimicorum
704 1025 904 1107 quorundam
919 1026 1130 1106 cavillatione,
1154 1026 1326 1109 siquidem
1348 1047 1379 1093 v.
1400 1033 1464 1092 109

314 1152 382 1216 sqq.
412 1132 552 1214 aliquam
579 1130 643 1196 vim
666 1131 875 1196 concedimus.
909 1131 1014 1214 Atque
1036 1149 1071 1196 re
1103 1150 1180 1198 vera
1201 1132 1326 1216 ancoris
1356 1137 1465 1214 poeta

314 1255 398 1303 vers.
422 1236 486 1302 illis
506 1239 674 1302 too-107
690 1234 885 1301 mentionem
898 1234 976 1301 iacit
997 1235 1126 1301 nullam.
1166 1236 1298 1302 lllorum
1313 1236 1463 1304 omnium

314 1343 346 1407 in
368 1341 478 1424 priore
500 1339 602 1406 amica
627 1339 799 1406 mercanda
828 1339 907 1406 nihil
936 1345 1007 1406 erat
1034 1339 1223 1406 timendum:
1258 1359 1332 1406 nam
1355 1359 1463 1426 quum

314 1445 513 1528 contigisset,
542 1448 578 1510 ut
604 1461 664 1525 pro
691 1441 757 1508 filia
785 1462 823 1508 ea
845 1447 1015 1524 emeretur,
1044 1444 1121 1527 quid
1148 1449 1220 1510 erat
1243 1444 1462 1528 Stratippocli

313 1549 496 1632 pudendum
528 1547 614 1634 quod
646 1545 845 1612 liberandam
879 1565 949 1614 eam
977 1549 1166 1614 curaverat?
1210 1549 1282 1615 Non
1311 1568 1461 1618 amorem

313 1655 422 1736 igitur,
439 1653 496 1720 sed
511 1671 682 1731 rumorem,
699 1669 793 1734 quem
811 1651 997 1718 adulescens
1017 1651 1198 1734 verebatur,
1216 1654 1350 1736 pudoris
1366 1654 1461 1720 illius

314 1777 444 1824 causam
465 1757 565 1824 luisse
581 1760 741 1842 putamus,
765 1773 860 1838 quem
875 1755 1107 1838 Stratippocles
1130 1759 1232 1825 amico
1255 1759 1462 1825 indicaverat

312 1865 422 1946 priore
449 1881 604 1940 sermone,
637 1879 700 1946 quo
729 1860 946 1943 colloquentes
979 1866 1078 1942 poeta
1110 1881 1165 1928 eos
1192 1861 1326 1929 inducit:
1361 1865 1459 1931 euius

313 1967 470 2034 sermonis
499 1966 636 2048 vestigia
658 1983 756 2049 quum
786 1965 850 2029 iam
879 1983 978 2047 supra
1008 1966 1184 2048 tetigimus,
1218 1972 1287 2032 tum
1315 1967 1460 2050 pudoris

313 2071 744 2140 commemorationev.107
767 2087 831 2134 non
853 2069 959 2134 minus
982 2088 1077 2155 quam
1100 2089 1182 2138 vers.
1204 2076 1392 2138 11191116
1418 2091 1459 2137 ea

313 2193 471 2260 apparere
501 2174 706 2242 arbitramur.
753 2172 913 2240 Discimus
944 2174 1028 2240 enim
1059 2174 1110 2240 his
1145 2173 1293 2242 versibus
1321 2174 1458 2242 Chaeri-

312 2282 422 2348 bulum
453 2280 508 2346 illo
539 2277 699 2364 colloquio
728 2276 871 2343 sodalem
904 2277 944 2344 de
972 2279 1109 2360 pecunia
1139 2280 1338 2346 consolatum
1369 2299 1455 2361 esse,

313 2385 472 2473 quomodo
494 2383 610 2468 potuit,
634 2400 743 2468 quare,
773 2398 870 2464 quum
891 2387 1006 2466 postea
1028 2383 1182 2448 auxilium
1209 2389 1343 2466 rogatus
1372 2384 1456 2449 nihil

312 2490 490 2573 promittat,
513 2506 617 2574 neque
632 2485 839 2569 opprobrium
861 2505 923 2554 non
939 2492 1159 2569 exspectatum
1179 2506 1284 2574 neque
1298 2487 1456 2554 iniustam

313 2595 406 2661 amici
429 2593 710 2676 reprehensionem
724 2589 913 2674 divinamnr,
937 2591 1021 2674 quod
1040 2591 1181 2656 lVea'siaa
1196 2591 1324 2678 quidem
1341 2593 1454 2659 voluit.

314 2737 353 2750 -
374 2698 424 2764 Ad
435 2697 680 2782 Leoprehoiam
695 2702 732 2762 ut
746 2702 961 2764 revertamur:
985 2696 1070 2782 quod
1086 2694 1197 2770 v.145
1213 2700 1320 2763 exstat
1336 2698 1455 2778 ,Meam

313 2803 442 2868 domum
463 2821 503 2868 ne
525 2800 665 2868 imbitas‘
688 2802 768 2868 nihil
791 2801 878 2866 aliud
906 2801 981 2884 quin
1008 2801 1068 2866 hoc
1095 2801 1174 2868 uelit
1201 2820 1297 2887 quam
1326 2801 1454 2882 ,komm’

312 2907 374 2972 mir
403 2906 492 2972 nicht
521 2910 617 2972 unter
646 2905 698 2972 die
728 2906 851 2988 Augen‘
894 2905 945 2970 uel
979 2905 1111 2986 ,Betritt
1139 2906 1202 2970 mir
1230 2907 1320 2972 nicht
1348 2907 1455 2972 maine

313 3011 475 3078 Schwelle‘
497 3009 591 3076 nobis
607 3009 687 3075 adeo
711 3007 842 3076 dubium
865 3014 1004 3089 nonest,
1028 3016 1065 3076 ut
1080 3029 1183 3096 neque
1207 3011 1247 3078 de
1261 3011 1454 3094 Periphanis

313 3133 417 3201 neque
431 3114 471 3182 do
483 3114 666 3182 Chaeribuli
682 3113 816 3182 aedibus
829 3114 1002 3200 quidquam
1018 3119 1207 3182 statuamus.
1220 3153 1264 3162 —-
1282 3112 1453 3188 1191153

312 3220 389 3302 (148
401 3219 458 3302 L.)
471 3236 540 3304 sqq.
558 3223 591 3284 et
606 3223 667 3284 653
684 3221 781 3302 (1361
794 3218 850 3302 L.)
867 3237 964 3306 quum
980 3220 1287 3301 suprascriptorum
1303 3220 1388 3302 (pag.
1400 3224 1451 3296 25,

312 3327 391 3405 p.20
407 3342 475 3406 sqq.
493 3341 565 3389 cum
579 3329 686 3388 annot.
705 3322 759 3404 21)
781 3322 965 3388 memineris
980 3323 1124 3404 velimus,
1148 3324 1211 3390 iam
1226 3323 1452 3406 ponderemus,

312 3445 375 3513 quo
391 3427 461 3492 iure
473 3426 700 3510 Lonorelndas
715 3427 747 3492 in
762 3445 790 3494 1.
804 3424 875 3500 457
892 3443 975 3511 sqq.
1000 3426 1096 3508 (1Π,4
1109 3426 1166 3509 L.)
1189 3427 1328 3493 haesitet
1342 3427 1452 3494 dicens

312 3548 414 3614 neque
426 3549 498 3597 eum
512 3529 637 3612 Epidici
650 3530 783 3596 consilio
794 3547 898 3616 neque
909 3549 980 3595 cum
994 3529 1141 3596 fidicinae
1152 3532 1300 3614 opinione
1316 3551 1452 3614 congru-

312 3655 367 3702 ere
382 3635 516 3701 militem
531 3634 715 3717 resciscere,
727 3633 783 3701 ubi
795 3633 1007 3717 Acropolistis
1022 3633 1155 3702 habitet.
1180 3639 1232 3715 At,
1246 3655 1450 3722 quaesumus,

311 3739 388 3824 quid
416 3743 523 3820 empta
549 3739 657 3820 priore
683 3740 791 3822 puella
817 3739 942 3822 Epidici
970 3739 1116 3822 interest,
1144 3747 1252 3806 utrum
1279 3741 1371 3806 miles
1399 3760 1450 3806 rc-

312 3843 439 3926 sciscat,
472 3860 535 3925 quo
564 3842 621 3908 illa
650 3843 746 3910 ducta
775 3843 828 3922 sit,
862 3845 981 3910 necne?
1024 3835 1348 3928 Periphanes'fitiam
1380 3863 1449 3910 eam

312 3951 419 4030 putat3
450 3945 527 4012 licet
553 3945 653 4028 igitur
679 3945 734 4012 ille
761 3946 913 4014 emendae
940 3949 1066 4030 puellae
1089 3967 1185 4014 causa
1212 3967 1322 4016 senem
1344 3949 1447 4026 adeat,

311 4051 490 4134 periculum
510 4068 574 4116 non
603 4055 662 4132 est,
690 4069 730 4116 ne
757 4052 950 4120 venumdata
977 4052 1042 4120 filio
1070 4058 1200 4136 praesto
1228 4073 1292 4119 nou
1316 4054 1368 4121 sit.
1415 4051 1448 4118 Si

313 4155 413 4238 igitur
434 4153 583 4236 ponimus
599 4191 642 4200 -
657 4155 742 4238 quod
765 4156 852 4222 intra
873 4161 998 4240 tempus
1021 4158 1238 4240 exemptione
1260 4157 1316 4224 illa
1337 4175 1449 4240 perac-

313 4265 381 4326 tum
403 4255 553 4324 facillimo
567 4255 637 4324 fieri
651 4259 767 4342 potuit,
786 4297 830 4306 -·
846 4261 980 4326 militem
992 4261 1238 4344 Acropolistidis
1254 4261 1448 4328 domicilium
