3216 5106
771 255 810 316 27

220 457 373 538 pessime!
419 456 600 522 artificiose
623 459 730 540 potins
760 459 820 524 hoc
842 458 936 537 cavit,
966 477 1064 542 quum
1091 462 1158 523 tam
1180 458 1359 540 generatim

220 579 292 626 eum
314 561 496 646 loquentem
511 561 643 644 inducit,
668 568 783 628 utnon
799 563 967 629 consilium
983 562 1117 644 posthac
1131 580 1244 626 rursus
1267 581 1359 644 repe-

219 665 350 730 tendum
382 667 432 730 uel
463 663 700 747 perficiendum,
735 667 791 732 sed
824 659 1032 750 repentinam
1067 665 1293 749 cogitationem
1326 670 1360 731 et

219 770 312 834 amici
336 770 460 834 solandi
484 777 516 834 et
538 770 688 852 propriae
711 769 846 836 fiduciae
871 769 1098 852 significandae
1126 788 1223 834 causa
1246 787 1358 834 servus

163 897 166 904 ·
220 874 431 955 proposuisse
460 873 624 938 uideatur:
659 874 819 959 simulque
848 879 945 956 poeta
975 874 1008 938 id
1038 879 1205 938 assecutus
1230 878 1288 953 est,
1322 879 1360 938 ut

220 976 341 1058 duplici
364 977 477 1042 militis
499 978 659 1043 mentione
674 979 768 1044 modo
792 978 1006 1044 adulescentis
1029 976 1122 1043 modo
1139 977 1224 1043 sonis
1248 982 1359 1060 partes

219 1079 383 1146 defensuri
405 1081 586 1162 expeditam
600 1081 725 1162 Epidici
741 1083 917 1148 venitatem
939 1080 1031 1164 quasi
1046 1081 1153 1145 vivam
1168 1085 1358 1163 spectemus

220 1201 284 1266 qua
306 1184 425 1250 eisdem
455 1185 602 1266 personis
632 1203 711 1250 usus
740 1205 800 1268 pro
832 1191 977 1267 temporo
1014 1189 1047 1249 et
1077 1202 1202 1267 prore
1232 1183 1361 1250 diversa

220 1287 353 1352 consilia
370 1288 508 1354 simulet.
533 1325 575 1336 -
599 1288 688 1365 Quod
705 1289 895 1372 Periphanis
911 1288 998 1353 nulla
1013 1287 1132 1352 mentio
1147 1285 1185 1353 fit
1199 1286 1360 1353 fidicinam

125 1436 127 1440 .
219 1397 286 1454 tum
308 1391 503 1472 possidentis
527 1391 578 1475 (ci.
602 1393 678 1458 Ga:
703 1393 783 1473 ‚Wio
807 1394 839 1457 in
863 1393 942 1458 aller
964 1392 1051 1457 Wolt
1080 1392 1164 1456 kann
1188 1392 1271 1456 denn
1294 1393 1357 1456 Str.

218 1491 298 1558 liber
333 1494 384 1558 die
419 1494 471 1560 fid.
506 1495 669 1578 veringen,
705 1495 758 1560 die
780 1498 851 1562 Per.
887 1498 919 1562 in
955 1497 1060 1561 seiner
1091 1495 1215 1561 Geualt
1244 1496 1358 1578 hatl‘),

219 1616 376 1677 veremur,
401 1618 440 1663 ne
468 1599 624 1664 Gustatus
646 1618 713 1664 rem
737 1601 905 1682 angustius
928 1601 1163 1682 interpretatus
1187 1601 1240 1665 sit.
1288 1601 1360 1665 Non

218 1702 302 1766 enirn
325 1703 432 1767 orabit
454 1702 545 1768 miles
568 1703 813 1782 adolescentem,
837 1709 873 1768 ut
896 1704 948 1769 hic
971 1703 1110 1784 puellam
1125 1702 1188 1768 sibi
1209 1703 1359 1784 corditer,

219 1806 277 1870 sed
300 1806 462 1870 tromtltot
483 1807 503 1870 i.
521 1825 548 1872 e.
572 1807 747 1885 ilborlassc,
772 1805 908 1885 abtrete,
938 1807 1049 1872 scincn
1071 1807 1281 1888 Ansprucnon
1305 1808 1362 1872 auf

219 1910 266 1975 sie
289 1910 481 1992 nnsageus)
516 1910 599 1987 Quid
616 1911 656 1976 ad
679 1911 739 1976 hoc
754 1911 857 1992 patris
873 1910 1011 1976 arbitrio
1027 1929 1108 1992 opus
1124 1911 1196 1975 est?
1232 1910 1360 1989 ,Videat

216 2014 318 2094 miles,
342 2015 370 2079 si
394 2016 626 2098 Stratippocles
649 2016 784 2082 amicam
807 2017 868 2098 ipsi
890 2015 1069 2081 tramiserit
1091 2050 1133 2062 -
1156 2014 1242 2098 quod
1265 2014 1357 2079 initio

219 2118 347 2198 quidem
364 2125 439 2185 ante
454 2119 539 2185 filiae
555 2108 749 2202 agnitionem
765 2120 842 2201 quin
857 2118 955 2184 iaciat
970 2119 1112 2184 dubitari
1121 2119 1175 2183 vix
1189 2119 1295 2200 possit
1308 2154 1334 2164 -
1350 2169 1357 2196 ‚

218 2240 281 2305 quo
303 2224 397 2288 modo
427 2243 495 2290 rem
522 2243 594 2290 cnm
623 2224 802 2305 Periphane
832 2224 1008 2305 transigat,
1041 2223 1109 2287 sive
1135 2241 1267 2287 uxorem
1289 2241 1359 2286 eam

219 2325 348 2405 ducens,
380 2329 408 2392 si
431 2329 580 2394 continuo
603 2327 670 2392 filia
691 2333 833 2409 putetur,
865 2327 931 2392 sive
961 2345 1079 2405 emona,
1111 2326 1139 2390 si
1163 2325 1248 2390 servi
1269 2323 1359 2390 fraus

220 2428 345 2494 interea
368 2430 555 2512 detegatur!
594 2431 642 2495 De
664 2432 798 2512 pecunia
821 2432 902 2496 hono
925 2432 966 2496 ad
982 2450 1050 2495 rem
1072 2429 1255 2494 neccssaria
1277 2429 1360 2494 diffi-

220 2532 322 2598 cultas
346 2535 434 2600 nulla
457 2537 592 2616 eveniet,
616 2553 688 2599 nom
704 2535 758 2600 ille
781 2537 892 2615 ,multo
908 2555 987 2600 auro
1003 2536 1129 2617 potens‘
1152 2535 1229 2599 estl‘
1271 2535 1360 2599 Haeo

221 2640 277 2702 aut
300 2637 378 2702 talia
401 2645 488 2704 certe
511 2639 664 2722 Epidicus
687 2639 827 2718 molitur,
853 2639 996 2705 sednon
1018 2637 1233 2720 eloquitur,2⁹)
1256 2657 1359 2720 nequo

219 2746 268 2806 est
291 2759 348 2808 cur
371 2762 484 2809 causas
507 2745 670 2810 iteremus.
694 2780 737 2790 -

305 2847 406 2924 Quom
429 2849 620 2913 sententiam
636 2847 808 2932 Hesperus
831 2848 870 2913 de
890 2848 1003 2912 lacuna
1026 2852 1100 2928 post
1115 2867 1144 2911 v.
1158 2845 1205 2918 dl
1227 2847 1359 2910 Gootrc'o

218 2951 288 3014 visa
311 2950 436 3032 profert
458 2953 542 3033 (pag.
564 2957 626 3032 12),
658 2972 696 3017 ea
728 2953 808 3016 satis
840 2951 1004 3018 commode
1036 2952 1105 3016 eius
1136 2951 1359 3016 emendatione

218 3051 377 3133 firmatum
402 3055 434 3120 in
458 3055 530 3120 aliis
553 3055 742 3137 quibusdam
765 3055 844 3119 locis
867 3074 969 3134 nemo,
1002 3055 1056 3136 qni
1080 3055 1278 3120 documentis
1301 3055 1358 3120 ali-

217 3176 312 3238 quam
334 3159 398 3222 vim
422 3161 575 3239 concedit,
600 3179 667 3224 rem
684 3161 746 3224 iarn
764 3158 804 3223 ad
820 3157 914 3222 tinem
929 3158 1119 3239 productam
1135 3157 1229 3222 dicat.
1267 3157 1358 3236 Quod

217 3263 300 3326 enim
337 3263 491 3326 (lorraine
522 3264 563 3329 ad
586 3284 614 3328 v.
632 3261 817 3335 135-137
848 3263 881 3326 in
911 3262 988 3326 edit.
1021 3279 1098 3327 suae
1129 3266 1195 3326 not.
1227 3259 1357 3326 scribit:

218 3365 265 3444 ‚V.
289 3371 453 3430 135-137
478 3368 626 3432 aPlauto
650 3368 800 3432 videntur
822 3367 940 3446 alieni,
965 3366 1110 3431 dolemus
1126 3367 1218 3432 valde
1240 3365 1358 3430 doctis-

218 3469 333 3534 simum
356 3471 460 3534 virum
483 3491 523 3535 ne
545 3491 608 3535 uno
632 3472 760 3552 quidem
775 3470 874 3536 verbo
891 3472 1048 3554 opinionis
1065 3489 1177 3535 causas
1193 3468 1356 3552 proferre3

218 3574 386 3653 numquis
415 3579 474 3652 est,
509 3575 563 3654 qui
597 3575 644 3638 ita
676 3575 820 3638 maculae
855 3575 1005 3639 insistere
1038 3574 1143 3656 possit
1181 3572 1356 3650 medicinis,

216 3677 323 3758 qualia
353 3677 445 3741 nobis
475 3682 542 3741 tam
569 3678 671 3742 multa
701 3684 831 3759 praesto
863 3675 953 3759 sunt,
979 3678 1166 3759 priusquam
1198 3675 1357 3758 glossema

217 3784 417 3848 statuamus?
447 3783 552 3864 Atque
567 3789 603 3849 ut
624 3781 797 3846 &oetatem
813 3783 954 3848 incuriae
970 3781 1182 3860 absolvamus,
1207 3779 1357 3862 quoniam

218 3886 250 3950 in
274 3885 357 3952 libro
382 3886 523 3952 curando
554 3887 733 3952 sententiae
761 3886 891 3952 uberius
914 3885 1154 3968 persequendae
1180 3885 1271 3949 locus
1295 3886 1356 3949 non

217 3995 296 4069 crat,
313 3991 484 4074 Hosperos
500 3995 587 4056 certe
602 4011 670 4056 rem
686 3990 1076 4056 subtiliusdemoustrare
1092 3987 1237 4062 debebat,
1262 3999 1355 4070 quam

217 4111 245 4156 v.
262 4090 333 4165 215
350 4113 417 4174 sqq.
442 4100 475 4160 et
501 4115 530 4159 v.
547 4093 619 4168 261
636 4114 703 4176 sqq.
729 4093 814 4158 iecit.
861 4093 945 4170 Quid
976 4094 1083 4158 enim?
1127 4094 1195 4158 lllis
1223 4093 1256 4156 in
1282 4111 1356 4174 pro-

218 4195 396 4262 scribendis
419 4198 472 4262 ad
487 4198 703 4264 Deiotalcono's
731 4203 764 4264 et
793 4196 946 4281 Wopnoro'
968 4197 1194 4264 auctoritatem
1225 4215 1283 4264 nos
1305 4215 1356 4264 re·
