3216 5106
796 345 814 404 9

238 547 400 610 nominum
431 546 620 610 varietatem
650 565 721 612 cum
758 545 917 629 Gepperio
952 547 996 629 (in
1028 547 1131 610 Plaut.
1162 548 1246 612 stud.
1277 549 1379 612 voll

238 668 309 731 pag.
335 650 389 732 66)
420 651 484 714 levi
506 655 620 731 poetae
643 651 866 733 neglegentiae
889 669 925 714 eo
949 649 1102 714 libentius
1124 648 1280 732 tribucre,
1315 669 1377 733 quo

238 753 363 818 facilius
380 773 449 818 eam
466 759 649 835 spectantes
664 773 798 836 prorsus
813 753 935 836 fugisse
950 771 1043 818 nemo
1058 755 1189 836 negabit
1211 753 1263 836 (cf.
1281 755 1378 818 etiam

185 879 189 888 ·
244 857 417 921 coelatum
447 858 479 920 in
503 859 572 922 Act.
605 877 668 924 soc.
694 857 770 940 phil.
797 857 953 939 ‚LipsVl
976 877 1006 939 p.
1025 859 1118 940 287);
1153 857 1210 923 sed
1242 855 1377 938 felicius,

238 968 275 1026 nt
296 960 502 1040 arbitramur,
539 967 653 1044 poetae
682 961 916 1042 subveniemus,
950 962 978 1026 si
1001 979 1124 1025 omnem
1156 961 1378 1042 neglegentiae

238 1066 465 1146 cogitationem
480 1067 637 1147 repellere
651 1064 846 1132 conabimur.
881 1066 1059 1130 Audiuerat
1074 1064 1226 1147 Epidicus
1250 1085 1377 1148 quoquo

238 1168 332 1234 modo
362 1170 500 1251 aliquem
537 1169 670 1235 militem
695 1170 964 1252 Acropolistidem
993 1168 1154 1234 fidicinam
1184 1170 1245 1235 sibi
1272 1189 1378 1236 emere

238 1275 336 1338 velle:
369 1273 502 1338 studens
532 1275 631 1355 igitur
654 1273 762 1340 verbis
786 1275 852 1339 suis
875 1275 1029 1338 maiorem
1059 1273 1123 1336 vim
1145 1273 1264 1338 addere
1288 1274 1375 1340 Stra·

238 1377 450 1460 tippoclisque
473 1397 566 1443 curas
589 1379 701 1460 utique
722 1379 832 1444 levare
856 1378 986 1442 simulat
1008 1395 1043 1442 se
1066 1378 1185 1442 certius
1217 1378 1256 1442 de
1278 1377 1378 1443 bella·

238 1487 309 1546 tore
332 1489 529 1564 compertum
550 1481 680 1562 habere,
704 1503 799 1565 quom
817 1481 1002 1562 Eerhoieana
1026 1499 1098 1546 cum
1115 1483 1267 1561 nominat,
1291 1483 1379 1547 nulla

239 1586 362 1651 scilicet
384 1587 564 1668 cognitione
586 1587 729 1667 innixus3
758 1585 879 1660 eadem.
893 1587 932 1651 de
948 1603 1045 1650 causa
1067 1586 1152 1667 apud
1166 1585 1378 1666 Periphanem

238 1708 363 1772 quoque
386 1691 498 1756 militis
521 1691 657 1772 patriam
681 1690 774 1773 fingit
795 1691 1027 1772 repentinoque
1057 1691 1187 1754 invento
1209 1687 1378 1753 Rhodiam

239 1812 311 1858 eum
334 1795 489 1876 appellat:
520 1795 705 1861 iamdudum
736 1797 820 1860 enim
843 1795 981 1860 fortasse
1012 1793 1132 1859 oblitus
1163 1799 1213 1858 est
1235 1811 1270 1858 sc
1292 1795 1377 1876 apud

238 1899 475 1963 adulescentem
498 1899 675 1964 Euboicum
704 1901 833 1979 dixisse,
869 1899 953 1982 quod
982 1900 1015 1963 in
1038 1917 1074 1963 re
1104 1904 1169 1962 tam
1199 1898 1280 1962 levis
1310 1917 1377 1963 mo·

238 2002 337 2066 menti
359 2000 509 2067 facillime
533 2005 660 2068 evenire
682 2010 819 2086 poterat.
864 2004 915 2068 Ita
938 2003 1058 2084 gravici
1087 2002 1172 2067 serui
1196 2001 1377 2083 expeditam

223 2105 392 2172 ‘malitiam
417 2107 513 2172 etiam
543 2109 576 2172 in
598 2109 739 2174 minimis
763 2107 860 2174 rebus
884 2108 1040 2172 sentimus
1070 2112 1103 2172 et
1125 2111 1250 2171 tantum
1274 2103 1375 2182 abest,

237 2215 274 2274 ut
296 2217 424 2291 poetam
448 2210 489 2276 ob
511 2212 675 2277 levitatem
698 2213 964 2294 perstringamus,
988 2219 1025 2275 ut
1046 2209 1130 2276 bono
1152 2210 1286 2275 consilio
1309 2226 1377 2272 rem

237 2314 285 2378 ita
308 2333 380 2378 eum
403 2315 583 2380 instituisse
606 2316 855 2397 arbitremur.¹⁰)

325 2417 470 2483 Secundo
493 2419 563 2483 loco
586 2421 733 2500 ponimus
758 2440 786 2486 v.
800 2421 873 2492 166
895 2437 988 2504 sqq,
1014 2419 1280 2501 quemadmodum
1303 2421 1376 2486 doc-

237 2525 344 2584 torum
366 2521 495 2602 ingenia
522 2524 717 2603 vexaverint,
748 2543 883 2606 quorum
905 2521 1117 2604 Lodewa'po'as
1141 2523 1186 2604 (in
1210 2523 1374 2588 Zammac·-

237 2623 358 2688 manna'
387 2625 498 2690 Dium.
523 2632 588 2691 ant.
613 2627 696 2692 siud.
730 2647 757 2692 a.
786 2633 865 2691 1841
898 2647 928 2708 p.
957 2629 1038 2690 1079
1062 2627 1145 2707 sqq.)
1175 2631 1208 2691 ct
1237 2627 1377 2691 Wec'sa'us

237 2729 256 2793 l.
285 2747 310 2793 s.
335 2747 360 2794 s.
395 2731 513 2795 similia
542 2737 750 2797 monuerunt:
785 2733 929 2814 ineptum
959 2749 1031 2795 esse
1063 2747 1155 2794 senes
1186 2730 1225 2795 de
1255 2731 1377 2812 nuptiis

237 2851 343 2914 agere,
371 2852 453 2916 quae
475 2839 590 2917 postea
612 2855 652 2900 ne
675 2855 782 2901 coram
806 2836 954 2918 Philippa
981 2835 1109 2916 quidem
1132 2835 1269 2916 amplius
1293 2853 1378 2899 com·

236 2943 492 3003 memorarentur
523 2938 574 3022 (cf.
607 2959 635 3004 v.
669 2945 730 3005 526
764 2939 865 3023 sqq.);
902 2940 964 3004 iam
987 2957 1015 3003 v.
1044 2943 1104 3003 190
1136 2939 1241 3002 subito
1272 2938 1311 3004 dc
1341 2957 1378 3004 re

237 3059 256 3105 a
285 3041 394 3123 priore
425 3061 572 3122 sannone
602 3045 799 3109 alienissima
833 3045 906 3108 illos
938 3043 1108 3122 disserere,
1146 3060 1246 3124 quare
1273 3047 1377 3107 totam

237 3163 364 3211 scenam
395 3147 442 3211 ita
468 3147 597 3228 quidem
627 3147 706 3213 ferri
737 3167 800 3212 non
823 3167 929 3230 posse,
961 3165 1063 3228 neque
1086 3146 1213 3210 dubitat
1241 3146 1296 3210 ille
1318 3146 1377 3210 hac

237 3249 411 3315 offensione
433 3251 473 3316 ad
497 3253 798 3317 contaminationem
827 3251 1032 3316 evincendam
1054 3251 1113 3315 uti.
1148 3249 1376 3332 Laezprehra'aas

236 3371 313 3418 vero
335 3354 369 3418 in
391 3355 523 3421 Miscell.
547 3357 657 3438 philol.
682 3358 824 3438 Gotting.
853 3361 933 3421 1876
956 3375 987 3438 p.
1010 3361 1046 3420 10
1062 3373 1129 3436 sqq.
1154 3355 1279 3436 etipse
1302 3373 1376 3419 con·

237 3458 426 3525 taminetam
449 3459 618 3543 Epidicum
648 3460 821 3526 effecturus
844 3462 876 3525 in
909 3479 1004 3525 scena
1026 3459 1133 3541 priore
1157 3465 1217 3522 act.
1242 3458 1273 3522 II
1303 3477 1376 3524 con·

237 3562 310 3626 silio
333 3581 444 3629 senum
467 3582 641 3646 eorumque
657 3567 923 3630 commutationes
947 3563 1120 3646 significari
1137 3565 1255 3642 censet,
1279 3580 1376 3644 quum

236 3668 375 3749 primum
398 3667 610 3749 Periphanem
633 3669 801 3734 consilium
823 3669 989 3749 Philippae
1012 3667 1175 3731 ducendae
1196 3666 1320 3747 cepisse
1343 3670 1376 3730 et

237 3791 309 3837 cum
324 3773 484 3856 Apoecide
508 3774 758 3839 communicasse
781 3774 965 3856 suspiceris,
989 3776 1102 3854 postea
1117 3776 1225 3836 autem
1246 3769 1376 3850 nuptias

237 3877 306 3959 ipse
329 3882 466 3958 recuset,
490 3878 574 3944 ulter
597 3879 801 3944 cohortetur:
833 3878 946 3943 harum
978 3895 1087 3942 rerum
1117 3895 1175 3958 per
1205 3879 1307 3939 totam
1330 3872 1377 3937 f·

236 3979 344 4047 bulam
366 3983 488 4047 nullum
511 3983 574 4047 iam
597 4001 754 4065 apparere
777 3983 958 4065 vestigium.
1005 3981 1165 4046 decedere
1192 3977 1277 4061 quod
1299 3978 1376 4042 item

238 4086 465 4168 Stratippoclis
487 4088 618 4170 nuptiae
634 4088 832 4153 adornentur
854 4094 887 4152 et
901 4091 1146 4169 praeparentur,
1171 4083 1228 4149 sed
1243 4087 1377 4147 neutrae

237 4191 454 4274 perficiantur,
467 4211 525 4256 nec
534 4194 638 4257 minus
646 4192 801 4257 incuriam
811 4192 1023 4257 adulescentis
1032 4189 1238 4255 offensionem
1246 4185 1374 4264 habere,

239 4316 351 4379 quau.
379 4300 440 4362 362
472 4297 649 4378 periculum
680 4297 863 4379 nuptiarum
895 4297 1045 4380 accipiat:
1082 4315 1119 4362 ex
1150 4293 1296 4358 omnibus
1326 4289 1377 4355 his
