3216 5106
730 307 801 399 Ab„
835 394 853 400 -

179 513 452 597 perstringantur,
475 511 595 576 morosi
620 511 706 577 senis
729 509 903 576 conditioni
919 509 979 575 hoc
1002 511 1220 594 multomagis
1243 532 1318 580 con·

180 618 290 685 venire
313 635 408 699 quam
431 616 515 681 servi
538 615 611 698 quis
633 621 693 696 est,
716 615 770 697 qui
790 621 896 696 neget,
920 633 1111 697 quamquam
1132 616 1217 684 hunc
1232 618 1319 686 illius

180 719 313 788 auribus
336 719 459 786 fraudis
482 738 580 786 causa
606 719 729 784 servire
756 736 820 782 non
842 719 1048 800 ignoramus?
1093 720 1185 799 Quod
1212 728 1319 789 autem

180 827 352 910 Periphani
367 827 472 892 locum
494 825 637 890 tribuere
652 823 810 888 malumus
833 841 929 904 quam
945 823 1106 906 Apoecidi,
1131 845 1193 892 non
1216 827 1320 894 solum

180 933 336 999 librorum
357 929 421 996 fide
443 929 640 1011 adducimur,
665 927 722 994 sed
745 928 843 993 etiam
864 927 951 993 illius
967 928 1149 996 conditione
1173 949 1190 996 e
1212 931 1321 998 fabula

180 1037 359 1121 perspicua,
376 1034 526 1118 qnoniam
541 1032 738 1116 Periphanes
754 1031 878 1111 viduae,
896 1032 947 1098 cui
961 1032 1094 1116 insuper
1108 1036 1321 1118 Acropolistis

180 1141 386 1208 meretricula
408 1158 467 1221 pro
490 1137 556 1204 filia
577 1137 662 1202 domi
693 1141 752 1218 est,
780 1134 971 1202 muliebrem
997 1138 1118 1204 cultum
1146 1145 1179 1206 et
1200 1147 1320 1208 matro-

181 1265 295 1314 narum
317 1250 350 1310 et
371 1243 577 1310 meretricum
604 1241 685 1308 satis
715 1259 874 1324 superque
902 1242 1065 1323 cognitum
1092 1243 1250 1330 habuerit,
1282 1248 1321 1312 de

182 1351 342 1434 Apoecide
365 1353 477 1416 contra
499 1347 579 1414 nihil
602 1352 726 1412 certum
748 1351 883 1412 constat.
938 1415 941 1419 ,

268 1456 465 1536 Quamquam
496 1471 594 1517 unum
623 1449 784 1519 offendere
813 1470 905 1516 nemo
935 1471 998 1518 non
1027 1452 1148 1520 videat:
1181 1454 1214 1522 Si
1238 1457 1321 1522 enim

181 1561 394 1644 Periphanem
415 1577 443 1623 v.
463 1562 524 1622 225
549 1574 650 1638 usqne
673 1556 715 1621 ad
729 1575 758 1621 v.
776 1560 839 1620 234
862 1556 950 1621 nulla
972 1576 990 1622 e
1012 1576 1222 1639 personarum
1246 1562 1322 1628 vici-

181 1666 243 1734 bus
265 1663 410 1748 proiecta
431 1680 521 1728 mora
535 1660 706 1726 interiecta
726 1660 909 1742 loquentem
924 1659 1067 1742 iacimus,
1091 1666 1323 1732 sententiarum

182 1772 262 1840 ordo
286 1768 458 1835 claudicat:
488 1784 561 1830 nam
585 1784 612 1829 v.
631 1770 692 1830 229
709 1783 777 1847 sqq.
808 1765 836 1830 si
859 1765 906 1830 ita
927 1765 1088 1847 leguntur,
1116 1773 1153 1833 ut
1175 1769 1207 1834 in
1229 1771 1322 1837 libris

185 1894 269 1942 nnnc
293 1870 494 1950 exhibentur,
519 1889 582 1934 una
597 1888 668 1935 cnm
682 1867 945 1934 antecedentibus
960 1875 1146 1938 nili-28
1163 1877 1326 1944 commode

183 1978 359 2046 abeodem
390 1976 454 2042 dici
476 1975 529 2040 vix
550 1979 697 2057 possunt.
742 1973 841 2056 Atqui
871 1973 993 2039 literati
1022 1975 1167 2044 homines
1197 1979 1261 2046 iam
1290 1983 1322 2048 in

182 2090 259 2150 nota
279 2079 469 2164 Periphanis
499 2098 528 2144 v.
545 2083 607 2144 225
630 2077 845 2144 haesitavere:
877 2077 954 2159 quid
984 2078 1110 2162 mirum,
1142 2081 1170 2147 si
1199 2084 1238 2164 ei,
1269 2085 1324 2168 qui

183 2188 255 2254 illos
286 2204 399 2252 uersus
430 2186 580 2248 225—28
612 2181 747 2264 Epidico
778 2181 829 2264 (ut
859 2179 1000 2246 Bathinus
1030 2187 1063 2248 et
1092 2183 1243 2270 Bestius)
1274 2190 1323 2255 vel

185 2291 337 2374 Apoecidi
361 2291 411 2374 (ut
432 2285 599 2369 doctriua)
623 2286 789 2365 dederant,
814 2285 865 2351 hic
880 2285 998 2352 iterum
1011 2306 1223 2370 personarum
1238 2292 1324 2360 vices

184 2395 399 2462 admittendas
415 2391 607 2458 censebant?
630 2390 773 2467 Quorum
787 2391 978 2474 rectissime,
994 2397 1032 2458 ut
1043 2394 1166 2475 opinor,
1182 2395 1325 2462 Bothiuc

185 2501 225 2566 ad
246 2499 461 2583 Periphanem
483 2513 519 2560 se
542 2494 701 2560 convertit
725 2531 764 2540 —
790 2513 981 2578 quamquam
1004 2497 1197 2581 emendatio,
1229 2519 1324 2583 quam

184 2604 362 2688 proposuit,
382 2621 425 2667 ex
447 2600 574 2666 ratione
597 2599 747 2664 instituta
770 2600 811 2682 (v.
824 2604 974 2665 225-28
990 2601 1124 2683 Epidico
1146 2602 1324 2690 tribuente)

184 2725 423 2792 supervacanea
446 2705 545 2772 sit-
569 2721 674 2786 neque
692 2702 851 2768 audienda
872 2703 1114 2788 sunthpnera'
1135 2706 1326 2776 confidentia

184 2814 284 2880 verba
315 2812 348 2895 (l.
366 2830 390 2878 s.
409 2829 434 2876 s.
458 2829 488 2892 p.
508 2808 578 2890 3A):
613 2806 766 2890 ,Bodincus
797 2807 883 2890 ,quid
913 2809 969 2874 ita‘
1002 2809 1133 2892 scripsit
1163 2818 1197 2877 et
1227 2813 1326 2880 verba

184 2915 358 2998 Periphani
380 2912 540 2994 attribuit,
563 2933 646 2997 quoe
660 2912 746 2976 ratio
761 2912 958 2976 emendandi
971 2934 1040 2978 non
1050 2919 1158 2998 potest
1166 2919 1325 3000 probares

185 3021 235 3086 Ne
256 3019 371 3084 multa:
395 3015 514 3084 babere
536 3014 630 3084 nobis
653 3017 807 3096 videmur,
832 3035 893 3098 quo
909 3017 993 3082 viam
1014 3019 1139 3086 munire
1162 3040 1324 3102 queamus.

186 3125 246 3190 Est
269 3122 354 3190 enim
377 3121 519 3186 universi
541 3121 603 3186 loci
626 3139 654 3186 v.
674 3125 846 3186 223-236
878 3126 972 3186 tenor
1001 3141 1117 3204 perse
1141 3125 1221 3190 satis
1244 3127 1325 3194 dilu-

185 3228 290 3294 cidus:
314 3226 375 3310 ,Du
391 3223 558 3308 riimpiest,
582 3226 629 3292 ait
643 3225 783 3308 Periph,
808 3224 859 3290 die
874 3223 960 3292 Naso
983 3223 1064 3291 tiber
1085 3226 1143 3293 das
1159 3228 1325 3311 Hofkleid3

185 3332 251 3398 und
274 3331 356 3398 doeh
379 3331 423 3396 ist
445 3331 546 3396 daran
569 3330 676 3396 nichts
700 3328 892 3396 sonderbar:
917 3349 1033 3413 surgen
1045 3331 1080 3414 ja
1095 3331 1176 3399 doch
1192 3336 1327 3416 gewisse

185 3437 320 3500 Manner
343 3433 445 3514 daltir,
475 3434 551 3498 dass
578 3434 667 3499 diese
690 3435 812 3500 Dimen
839 3435 908 3500 sich
929 3436 989 3500 mit
1012 3435 1170 3504 Schmuck
1191 3437 1327 3506 beladen

186 3541 322 3618 kbnnen,
360 3537 418 3600 der
449 3555 549 3618 ganzo
580 3537 806 3603 Grundstticke
836 3540 1047 3622 verscblingt3
1081 3541 1125 3622 ja,
1152 3561 1227 3626 mag
1253 3563 1327 3610 man

187 3643 289 3709 selbst
315 3640 388 3705 dem
418 3638 511 3704 Steat
538 3639 591 3704 die
622 3639 737 3706 Steuer
770 3641 917 3722 schuldig
944 3641 1072 3708 bleiben
1102 3681 1143 3690 -
1174 3643 1226 3710 fdr
1252 3647 1327 3728 jene

186 3748 245 3814 hat
275 3764 350 3810 man
383 3744 496 3808 immer
518 3743 609 3809 Geld.
654 3744 731 3809 Man
764 3745 841 3810 sebo
874 3764 936 3811 nur
971 3746 1028 3812 das
1051 3747 1188 3814 Treiben
1222 3751 1328 3817 dieses

187 3852 307 3919 Volkes
330 3869 385 3916 an:
417 3849 458 3915 da
484 3849 626 3932 mangelt
647 3849 763 3930 nichts,
795 3850 879 3916 denn
909 3851 1162 3934 nnerschdpfiicb
1194 3855 1264 3920 ist's
1295 3855 1327 3921 iu

188 3958 309 4024 scirem
324 3955 422 4021 Pntzt
446 3993 474 4001 -
497 3991 538 4000 —
554 3954 605 4036 Ja,
619 3955 664 4037 ja,
688 3956 741 4021 die
756 3956 1006 4022 Kleidermoden
1018 3955 1157 4042 ¹bringen
1173 3960 1328 4026 manchon

188 4061 285 4126 Manu
307 4079 361 4125 um
383 4059 474 4125 Hans
497 4059 563 4125 und
585 4058 671 4125 Ηοί.ι
716 4060 753 4124 In
776 4079 839 4125 uuo
862 4080 891 4125 v.
909 4064 971 4126 229
996 4063 1222 4129 transitionem
1244 4063 1328 4129 desi·

189 4165 354 4232 deramus:
378 4181 441 4244 qua
463 4181 499 4228 re
521 4163 584 4228 nisi
607 4163 722 4230 lacuna
736 4163 907 4246 indicatur,
931 4165 971 4230 de
992 4167 1153 4248 particula
1168 4173 1219 4232 est
1242 4167 1328 4249 cogi-

189 4270 323 4336 tandum
345 4271 530 4334 contentum
553 4269 755 4352 restituente,
786 4273 819 4334 et
842 4269 964 4350 ,vestei‘
988 4288 1065 4337 uoce
1088 4276 1212 4337 remota
1234 4272 1329 4355 (qnae

1225 4407 1255 4448 aab
