3216 5106
701 315 739 376 21

150 521 253 602 abest,
277 525 314 587 ut
336 521 441 588 omnia
464 540 502 586 ea
523 519 689 604 propalam
712 523 859 602 spectare
882 519 1055 602 cupiamus,
1080 522 1287 604 (1111111111-

151 627 289 691 lcardtus
305 623 368 690 fine
384 625 552 691 decurtato
568 624 730 689 interiisse
746 629 864 701 censet,
881 629 917 690 ut
931 629 1059 706 poetam
1074 626 1291 694 Romanorum

150 731 264 795 animis
298 730 444 796 consulto
480 729 676 795 commisisse
718 727 895 793 iudicemus
937 733 1118 794 ceterorum
1151 729 1219 796 fata
1248 733 1289 798 ad

149 833 319 902 arbitrium
335 834 397 899 sibi
409 853 573 913 exornare,
598 833 799 919 quippequae
815 837 848 896 et
863 835 958 897 antea
973 831 1164 899 adumbrata
1177 835 1287 919 sint21)
1399 879 1405 891 -

148 943 181 1004 et
196 937 330 1021 Epidico
354 941 483 1003 servato
500 934 720 1020 spectantibus
736 934 852 999 viliora
867 941 954 1002 certe
968 937 1048 1017 visa,
1073 956 1168 1023 quam
1180 939 1285 1004 Rela-

147 1043 285 1106 dardtas
308 1039 371 1106 sibi
393 1041 563 1123 persuasit.
609 1041 760 1108 Ceterum
786 1039 857 1121 ipse
884 1044 1009 1105 rectum
1036 1041 1199 1108 divinatus
1227 1049 1287 1126 est,

148 1165 246 1231 quum
274 1145 524 1227 amputationem
559 1145 617 1229 (sit
643 1143 738 1210 venie
758 1141 896 1226 verbol),
931 1162 1028 1228 quam
1048 1146 1127 1224 vult,
1161 1145 1288 1214 fabulae

146 1250 220 1315 inde
244 1249 361 1315 factam
376 1268 448 1316 esse
469 1254 573 1332 putat,
597 1249 682 1332 quod
705 1251 886 1328 spectantes
902 1246 968 1312 filia
990 1248 1129 1330 inuenta,
1152 1251 1287 1334 Epidico

145 1354 341 1420 manumisso
365 1354 492 1420 theatro
522 1353 668 1434 exierint,
697 1351 838 1438 solutum
865 1351 988 1416 scilicet
1014 1351 1141 1420 fabulae
1168 1355 1287 1421 nodum

145 1458 365 1522 existimantes
395 1457 588 1542 ingenioque
617 1455 748 1538 proprio
780 1458 888 1520 111111
919 1456 1093 1537 explentes,
1129 1460 1286 1542 quomodo

144 1562 204 1627 hoc
235 1563 333 1626 etiarn
363 1580 447 1626 nuuc
477 1561 509 1626 in
541 1561 678 1626 theatris
709 1555 903 1624 suburbanis
933 1557 1004 1624 fieri
1027 1561 1138 1628 soleat.
1185 1563 1287 1640 Quam

145 1665 339 1730 sententiam
354 1683 413 1730 nos
429 1665 477 1730 ita
497 1661 681 1746 probamus,
705 1667 821 1727 utnon
837 1663 876 1727 de
898 1667 1114 1730 retractatore
1136 1664 1286 1732 fabellam
1339 1667 1341 1672 ⁴

145 1773 331 1850 amputante
360 1768 546 1850 cogitemus,
581 1765 637 1832 ubi
665 1771 794 1849 poetam
822 1771 950 1832 cautum
977 1767 1085 1850 ipsum
1112 1769 1285 1847 Quiritium

145 1889 267 1936 morem
289 1890 388 1956 quum
409 1872 537 1938 novisse
560 1876 629 1937 tum
651 1869 691 1936 ab
716 1871 807 1935 initio
831 1871 1012 1954 respexisse
1035 1878 1285 1940 consentaneum

145 1979 202 2040 est.
215 1977 256 2058 22)
562 2039 564 2044 ,

229 2081 276 2145 no
299 2079 327 2144 si
350 2079 383 2144 in
406 2079 550 2162 singulas
567 2081 659 2166 quasi
683 2079 776 2146 sedes
790 2079 1042 2160 retractationis,
1067 2100 1164 2166 quam
1178 2083 1283 2164 suspi-

143 2188 266 2264 cantur,
290 2184 492 2270 inquirimus,
507 2185 646 2267 primum
659 2183 859 2248 Redoburdtc'
873 2183 1055 2266 opinionem
1069 2185 1284 2268 ponderemus

143 2289 183 2354 de
204 2309 233 2354 v.
251 2287 372 2375 bsqq.
400 2290 433 2353 in
455 2308 528 2354 nor.
558 2309 630 2354 ann.
658 2295 715 2354 111
744 2307 817 2370 pag.
837 2294 896 2353 199
920 2306 988 2374 sqq.
1020 2289 1165 2354 relatam.
1211 2291 1284 2356 Non

143 2391 318 2458 infitiamur
349 2393 500 2457 videlicet
530 2393 563 2457 in
593 2393 712 2475 duplici
741 2392 797 2456 illo
828 2411 974 2458 sermone
1009 2393 1048 2458 de
1076 2393 1283 2476 Thesprionis

144 2495 328 2561 valetudine
351 2497 431 2579 (11.9
455 2515 525 2582 sqq.
550 2501 583 2562 11
609 2501 646 2560 11
677 2493 760 2580 sqq.)
785 2496 982 2562 strictiorem
1007 2496 1146 2563 fortasse
1170 2499 1282 2564 dictio-

142 2619 215 2664 nem
246 2599 491 2682 praeferendam
522 2619 606 2667 esse:
643 2618 836 2686 quamquam
868 2597 1033 2682 habemus,
1069 2620 1132 2686 quo
1166 2607 1282 2684 poetae

141 2709 251 2786 partes
275 2709 426 2771 tutemur.
473 2705 565 2783 Quod
593 2705 677 2770 enim
698 2705 852 2787 Epidicus
874 2705 1012 2787 primurn
1041 2707 1220 2788 generatim
1242 2707 1282 2773 de

142 2809 288 2874 conservi
311 2810 493 2876 valetudine
517 2809 652 2894 quaerit,
677 2813 713 2874 ut
739 2809 846 2874 valeat
869 2847 908 2857 —
934 2809 1015 2889 ,Wie
1031 2809 1135 2892 geht’s
1149 2811 1209 2875 mit
1224 2811 1282 2877 der

143 2912 371 2979 (11111111111111ι
395 2951 446 2996 -,
478 2913 592 2980 deinde
615 2931 712 2996 quum
734 2914 788 2978 ille
811 2931 846 2978 se
871 2913 978 2978 valere
1001 2914 1187 3000 salvumque
1210 2933 1282 2981 esse

142 3017 232 3082 obesi
261 3019 404 3099 corporis
435 3015 549 3083 habitu
577 3018 739 3082 nonnullis
769 3017 848 3082 iocis
880 3016 1071 3084 scurrilibus
1100 3019 1280 3084 interiectis

141 3126 280 3187 testatus
303 3123 355 3202 sit,
365 3121 405 3206 23)
429 3141 505 3188 num
518 3127 675 3204 perpetuo
692 3121 830 3186 valuerit
844 3123 975 3204 rogitat,
999 3121 1115 3187 dubios
1130 3123 1280 3188 nimirum

141 3223 218 3289 belli
239 3223 322 3290 finiti
345 3245 438 3292 casus
461 3227 647 3309 respiciens,
672 3227 757 3312 quod
772 3225 857 3292 idem
879 3244 1020 3292 annuere
1042 3225 1199 3309 Thesprio
1222 3227 1280 3292 du-

140 3326 237 3408 bitat;
266 3330 338 3410 ipsa
360 3331 419 3396 hac
448 3336 480 3396 et
501 3331 628 3413 Epidici
662 3332 889 3416 quaestionum
916 3336 949 3396 11
975 3332 1120 3397 conservi
1146 3347 1279 3416 respon-

141 3450 249 3495 sorum
279 3433 436 3500 varietate
472 3437 552 3500 satis
581 3437 736 3518 praesidii
769 3435 867 3501 habet
895 3440 1001 3516 poeta,
1038 3440 1075 3500 ut
1104 3455 1208 3522 neque
1239 3438 1278 3504 ob

140 3533 309 3600 molestam
324 3539 502 3603 sententiae
517 3540 743 3620 repetitionem
758 3537 956 3622 obiurgator,
980 3558 1083 3623 neque
1097 3541 1280 3623 posteriore

139 3640 370 3706 retractatione
398 3641 615 3708 defendendus
642 3645 694 3708 111.
723 3681 765 3690 -
795 3643 865 3708 Iam
894 3645 979 3729 quod
1012 3642 1111 3710 verba
1139 3650 1204 3710 v.7
1235 3645 1278 3724 ,di

141 3743 227 3826 dent,
252 3763 333 3830 quae
355 3747 447 3812 velis‘
483 3752 516 3812 11
538 3767 620 3833 quae
647 3752 826 3833 sequuntur
848 3768 877 3814 v.
899 3753 935 3814 13
960 3749 1003 3830 ,di
1025 3749 1222 3814 immortales
1245 3755 1278 3815 te

139 3847 313 3916 infelicent‘
330 3851 431 3917 -11111
462 3870 496 3918 11
520 3852 704 3936 discrepare
726 3853 886 3936 videntur,
928 3854 1010 3920 hanc
1032 3854 1278 3922 haesitationem

140 3954 283 4020 emedio
305 3957 457 4037 tollimus,
482 3975 579 4041 quum
601 3956 701 4024 verba
723 3957 779 4023 illa

349 4059 406 4124 Th.
432 4061 539 4128 Salve!
587 4061 651 4147 Ep.
676 4043 718 4127 Di
741 4062 827 4143 dent,
853 4083 935 4149 quae
957 4065 1046 4130 velis.

346 4165 465 4232 Venire
488 4167 609 4233 salvom
632 4167 755 4250 gaudeo
779 4217 1053 4235 .............

141 4265 221 4330 nihil
253 4285 348 4350 quam
375 4270 602 4338 salutationem
627 4278 770 4338 mutuam
802 4273 1076 4356 congredientium
1103 4275 1276 4359 continere,
