3216 5106
854 283 893 344 22

305 493 383 557 haec
406 491 445 556 ad
468 491 574 572 ipsum
596 489 752 556 sermonis
775 492 959 554 contentum
981 488 1027 552 ita
1050 487 1218 554 referenda
1241 507 1312 554 esse
1336 509 1443 554 cense-

306 615 385 678 mus,
420 600 457 660 ut
488 593 614 675 lepidae
644 592 851 673 l'lresprionis
882 592 1079 673 simplicitati
1109 591 1315 656 manifestum
1343 593 1442 658 latro-

304 700 421 766 cinium
442 695 623 780 profitentis
645 696 808 761 commode
831 696 1059 777 respondeant:

365 827 423 891 Tb.
449 827 504 892 lch
527 825 627 891 raube
646 825 729 907 jetzt
751 823 847 890 offen!
894 824 959 908 Ep.
984 824 1034 888 Da
1056 824 1117 890 soll
1140 823 1213 890 dich
1236 823 1317 889 doch
1340 825 1441 906 gleich

926 928 984 993 der
1006 927 1125 992 Kukulr
1146 926 1280 1011 [bolenlt
1289 978 1376 994 ......

304 1059 384 1124 Post
405 1057 486 1122 hanc
518 1058 645 1124 demum
674 1058 928 1124 exsecrationem
956 1057 1142 1140 neutiquam
1172 1057 1294 1124 scilicet
1324 1058 1444 1123 soriam

305 1179 419 1226 servus
442 1161 639 1244 aliquantulo
662 1180 771 1228 morae
794 1160 985 1242 interposito
1013 1159 1151 1224 animum
1179 1160 1220 1225 ad
1246 1160 1278 1224 id
1302 1167 1442 1242 revocat,

305 1265 390 1347 quod
412 1264 614 1346 iampridem
637 1271 708 1331 orat
727 1266 882 1344 dicturus,
906 1264 963 1329 sod
979 1264 1147 1348 quominus
1162 1263 1324 1345 proferret
1346 1285 1443 1348 quum

305 1369 499 1434 salutatione
522 1374 555 1434 et
576 1369 781 1450 praevalente
798 1368 990 1434 valetudinis
1014 1367 1253 1448 cognoscendae
1276 1386 1352 1434 cura
1375 1377 1443 1435 tum

303 1473 509 1554 Thesprionis
547 1474 626 1538 iocis
665 1472 854 1538 scurrilibus
893 1473 996 1536 adhuc
1030 1472 1271 1552 impediebatur.
1326 1473 1442 1555 (Simili

304 1577 398 1643 modo
421 1577 516 1659 paulo
543 1583 618 1658 post
640 1577 795 1658 Thesprio
824 1577 957 1659 Epidico
987 1576 1057 1641 heri
1079 1575 1241 1641 fortunam
1268 1577 1442 1641 identidem

305 1681 499 1764 quaeritanti
523 1717 563 1727 —
579 1699 608 1746 v.
624 1685 674 1762 20,
688 1687 739 1761 22,
753 1687 794 1745 40
820 1717 857 1726 -
882 1698 1073 1762 responsum
1095 1699 1196 1762 usque
1219 1681 1354 1745 adult
1370 1699 1440 1766 sqq.

305 1786 401 1853 debet
413 1792 509 1870 atque
523 1787 678 1851 miramur
692 1786 808 1865 hercle,
826 1787 853 1850 si
867 1785 970 1851 adhuc
981 1803 1073 1849 nemo
1086 1785 1250 1850 contendit
1261 1785 1331 1849 ioca
1341 1785 1441 1849 inter-

217 1963 218 1968 *
303 1892 397 1971 iecta,
428 1908 526 1974 quum
552 1907 742 1970 responsum
764 1889 843 1954 illud
865 1888 1041 1968 retardent,
1072 1908 1130 1970 pro
1155 1889 1273 1970 spuriis
1297 1909 1367 1955 esso
1387 1890 1441 1956 de-

304 1993 421 2076 lenda).
467 1993 579 2075 Pergit
600 1994 699 2074 igitur
722 2012 838 2060 sonoro
860 1994 947 2058 vocis
969 1997 1093 2058 mutato

581 2125 668 2204 ‚Was
692 2125 735 2190 du
757 2143 818 2190 nur
840 2123 936 2189 flinke
958 2125 1060 2190 Fttsso
1083 2123 1190 2206 hasti‘,

304 2273 363 2318 nec
386 2252 517 2318 dubium
540 2259 599 2336 est,
629 2255 706 2339 quin
734 2260 823 2320 actor
851 2253 991 2336 prudens
1019 2259 1113 2336 gestu
1140 2255 1373 2319 sententiarum
1395 2255 1441 2319 vi-

304 2358 483 2424 cissitudini
506 2359 753 2442 accommodato
766 2359 923 2424 sermonis
945 2377 1153 2443 progressum
1174 2357 1280 2440 lepide
1308 2378 1441 2424 exorna-

305 2463 397 2528 verit.
424 2500 463 2510 -
488 2463 540 2528 Sic
562 2463 590 2528 si
612 2481 681 2528 rem
702 2463 961 2545 interpretamur,
985 2464 1118 2528 tertium
1132 2462 1331 2526 Redabardtr‘
1353 2481 1441 2527 scru-

304 2569 415 2651 pulum
436 2567 470 2632 in
484 2568 613 2633 irritum
628 2569 742 2634 cadere
757 2573 892 2650 apparet
907 2587 935 2633 v,
955 2573 993 2633 13
1017 2574 1092 2650 post
1106 2574 1126 2632 4
1148 2568 1298 2650 ponentis
1313 2587 1441 2634 versus-

306 2692 367 2756 que
390 2673 576 2738 interioctos
600 2673 746 2754 delentis,
769 2690 872 2754 neque
891 2674 996 2739 minus
1011 2673 1158 2737 inutilem
1172 2673 1255 2736 viam
1271 2671 1441 2755 Hesperus

307 2779 447 2843 intrasse
469 2777 561 2842 nobis
578 2777 714 2858 videtur,
738 2777 793 2859 qui
815 2774 855 2840 ab
871 2795 899 2841 v.
916 2781 953 2840 13
976 2797 1100 2840 nocam
1123 2778 1293 2841 exordium
1315 2777 1441 2842 fabulae

304 2883 462 2964 incepisse
495 2881 607 2960 credit,
646 2900 708 2964 quo
741 2900 842 2946 novae
877 2881 995 2947 actioni
1030 2883 1173 2948 scenicae
1208 2883 1438 2948 consuleretur.

307 2988 412 3070 Atque
434 2987 633 3051 ‘sententiam
656 2987 725 3052 eius
748 2986 787 3051 de
804 3006 832 3051 v.
854 2992 889 3052 19
914 2988 1037 3068 origine
1060 3007 1099 3052 ex
1121 3006 1148 3051 ν.
1167 2993 1185 3052 9
1209 2987 1348 3068 repetita
1369 2987 1440 3052 idco

303 3111 369 3158 non
388 3087 570 3173 probamus,
595 3091 680 3174 quod
702 3111 760 3173 pro
784 3091 928 3156 codicum
950 3098 1047 3174 statu,
1072 3092 1126 3174 qui
1145 3110 1182 3156 eo
1199 3092 1267 3156 loco
1282 3111 1365 3158 nunc
1381 3097 1437 3170 est,

305 3196 461 3263 eiusmodi
484 3196 696 3261 divinationes
719 3197 759 3262 de
774 3216 925 3263 versuum
948 3196 1157 3262 similitudine
1179 3197 1229 3261 rol
1253 3197 1440 3278 cognatione

305 3319 399 3383 quam
421 3301 655 3366 incertissimae
678 3301 751 3380 sint,
792 3303 860 3366 sive
896 3301 1010 3364 Goetac'
1031 3301 1098 3366 sivo
1128 3301 1230 3364 Brdaa’
1257 3301 1441 3384 Hesperivo

304 3405 405 3486 ipsius
429 3404 684 3469 emendationem
707 3404 774 3469 sive
797 3405 916 3470 nullam
939 3406 1078 3471 omnium
1101 3407 1375 3488 amplectimur.‘-'⁴)

391 3507 442 3572 Ad
469 3508 565 3572 aliam
594 3507 720 3572 fabulae
749 3515 876 3590 partem
896 3509 1099 3574 Rednbordro
1127 3515 1309 3592 suspectam
1335 3516 1441 3574 trans·

304 3612 496 3696 gradiamur.
533 3613 571 3678 In
594 3613 782 3694 religionem
798 3615 882 3679 enirn
903 3616 1004 3680 trahit
1019 3617 1038 3680 l.
1053 3633 1077 3679 s.
1092 3634 1116 3680 s.
1141 3616 1234 3680 bomo
1258 3615 1311 3680 ille
1328 3615 1441 3680 doctus

306 3738 333 3784 v.
357 3714 508 3798 att—38,
539 3735 637 3802 quum
667 3703 852 3799 spectantes
879 3719 982 3785 maius
1012 3720 1132 3802 aliquid
1163 3719 1277 3785 animis
1305 3718 1441 3800 amplexi

305 3821 463 3902 (Thetidis
490 3821 727 3903 Nereidumque
761 3825 904 3905 ipsarum
932 3824 1138 3906 Stratippocli
1171 3825 1283 3890 utilem
1311 3843 1442 3906 oporam

305 3947 334 3992 v.
352 3925 493 4008 32-33)
522 3927 744 3992 santonorum
774 3929 935 3994 mentione
965 3949 985 3994 a
1015 3929 1146 3994 dearum
1178 3929 1283 4010 specie
1314 3929 1353 3992 ad
1384 3928 1441 3992 ho-

306 4030 527 4096 munculorum
559 4030 704 4098 obsoleta
736 4032 862 4116 opificia
893 4039 1092 4099 revocentur.
1143 4033 1286 4114 Legebat
1313 4033 1442 4118 quidem

305 4135 530 4200 Reinbardtas
551 4136 611 4200 hos
626 4155 739 4202 versus
755 4157 826 4204 cum
846 4137 1004 4222 Gopporto
1019 4139 1153 4220 aliisque
1167 4138 1308 4204 nondum
1328 4137 1442 4202 doctri

306 4240 472 4323 ingeniosa
493 4241 743 4324 transpositione
771 4244 955 4328 diremptos
980 4244 1036 4308 sed
1063 4247 1100 4308 ut
1122 4247 1250 4310 exstant
1276 4240 1439 4306 inlibris:
