3216 5106
792 263 828 325 13

703 351 910 358 ——-.

279 434 329 538 Ad
352 467 566 568 quadraginti
591 467 732 551 fortasse
760 489 830 536 earn
853 471 948 553 posse
972 469 1033 535 emi
1056 468 1208 534 minume
1231 470 1334 536 minas

236 615 334 677 quum
357 575 428 676 ipse
450 593 514 658 iam
537 591 656 657 (ludum
680 611 790 658 verum
815 598 1014 675 compertum
1035 592 1153 658 habeat
1177 590 1229 677 (ef.
1253 612 1282 658 v.
1308 593 1374 676 52),

235 699 408 780 eodemque
444 697 575 762 consilio
606 695 698 762 addit
736 717 764 762 v.
799 704 876 764 297:
913 697 1042 776 ‚Verum
1075 697 1102 762 si
1132 697 1205 780 plus
1236 697 1375 778 dederis,

233 801 371 868 referam
394 805 476 882 etc‘,
504 799 619 883 quibus
642 820 660 866 e
683 799 791 868 verbis
806 801 985 884 Apoecides
1008 801 1096 868 nrrllo
1122 801 1216 868 modo
1232 803 1376 868 conicere

235 910 351 986 potest,
377 906 489 986 quanti
506 924 618 972 servus
633 906 772 988 puellam
796 906 943 970 aleuone
965 911 1078 987 posteo
1100 907 1375 988 mercaturussit,

235 1029 332 1091 quum
356 1010 429 1092 ipse
454 1011 523 1075 cius
547 1010 619 1076 dolo
643 1008 683 1074 ab
708 1010 869 1091 emptione
896 1011 1088 1076 retineatur:
1119 1011 1216 1074 immo
1238 1031 1314 1077 roro
1337 1030 1377 1078 nc
1466 1073 1469 1080 ,

234 1114 267 1178 id
290 1115 419 1196 quidem
451 1115 607 1197 comperit
628 1114 841 1195 Periphanem
873 1133 966 1180 servo
989 1114 1018 1178 X
1041 1115 1135 1180 minis
1158 1116 1230 1197 plus
1253 1117 1273 1180 i.
1298 1136 1325 1182 e.
1348 1117 1375 1182 L

233 1238 293 1300 pre
326 1221 383 1284 XL
416 1220 545 1284 dedisse
576 1221 617 1300 (v.
643 1221 729 1299 347),
773 1237 870 1300 quum
900 1224 973 1300 post
1003 1237 1030 1284 v.
1057 1225 1118 1284 297
1150 1220 1189 1285 de
1218 1221 1376 1286 minarum

234 1344 365 1390 numero
389 1342 482 1388 servo
506 1322 734 1388 tradendarum
759 1329 882 1388 certum
905 1323 1077 1405 quidquam
1101 1344 1160 1408 per
1182 1329 1285 1390 totam
1308 1344 1375 1391 see-

201 1453 207 1470 ’
234 1447 306 1492 nam
329 1447 392 1494 non
420 1427 597 1506 conveniat,
628 1426 806 1508 Apoecides
831 1431 939 1491 autem
967 1433 1042 1508 post
1069 1447 1096 1492 v.
1123 1433 1184 1494 305
1214 1430 1247 1494 in
1270 1429 1375 1494 forum

234 1533 400 1615 digressus
415 1551 478 1598 non
501 1531 591 1613 prius
608 1549 678 1596 cum
695 1549 770 1598 sene
786 1530 888 1594 arnico
912 1549 1026 1596 rursus
1043 1532 1255 1616 colloquatur,
1279 1553 1374 1615 quem

233 1636 360 1718 Epidioi
384 1636 476 1701 dolus
499 1633 719 1700 felicissimum
742 1640 891 1700 euentum
923 1633 1035 1700 babuit
1063 1637 1104 1720 (v.
1124 1635 1211 1721 395).
1256 1639 1375 1704 Veniat

180 1773 183 1778 ·
234 1740 335 1821 igitur
363 1741 510 1806 lenonem
541 1743 691 1822 rogatum
722 1739 900 1820 Apoecides
933 1741 965 1823 (a
988 1739 1175 1824 Periplmno
1206 1742 1238 1806 in
1261 1741 1375 1809 fraude

234 1844 393 1925 patranda
422 1843 501 1908 nibil
532 1842 710 1908 timendum
741 1862 812 1908 esse
842 1863 870 1908 v.
897 1849 958 1910 285
988 1863 1056 1926 sqq.
1088 1845 1373 1927 clareindieatur,

234 1967 336 2030 neque
360 1953 447 2014 certe
469 1951 584 2030 postea
607 1948 753 2014 lenonem
777 1949 953 2029 conveniet,
977 1949 1040 2014 nisi
1063 1948 1146 2014 forte
1162 1969 1259 2032 quum
1282 1951 1374 2016 dolus

234 2053 380 2118 detectus
402 2053 466 2117 iam
482 2057 541 2130 est,
566 2049 802 2131 ci.oncot.15;
826 2053 980 2134 Epidicus
1003 2059 1120 2134 autem,
1144 2055 1235 2120 cuius
1257 2053 1374 2121 fiducie

235 2157 386 2222 nimirum
409 2175 488 2238 prae
511 2155 627 2222 ceteris
651 2156 683 2220 in
706 2155 834 2222 fidicina
856 2157 963 2239 posita
979 2161 1037 2238 est,
1062 2157 1130 2222 loco
1154 2157 1208 2224 illo
1225 2162 1287 2222 363
1304 2176 1372 2240 sqq.

234 2280 296 2325 uon
319 2261 366 2325 cis
389 2279 424 2326 se
447 2279 653 2326 occursurum
675 2261 812 2340 nuntiat,
841 2280 923 2342 quae
945 2266 1020 2343 post
1047 2259 1192 2326 fraudem
1215 2261 1373 2328 detectam

234 2363 296 2430 sibi
325 2371 478 2430 eventura
505 2368 607 2445 putet,
636 2363 693 2428 sed
721 2365 872 2442 astutiam
902 2363 1070 2446 significet,
1100 2383 1163 2446 qua
1190 2363 1279 2430 fraus
1303 2365 1374 2446 ipsa

234 2469 370 2548 centum
395 2487 475 2550 quae
498 2473 572 2549 post
587 2466 666 2532 fiant
681 2486 784 2549 nequa
800 2455 892 2532 curat
907 2487 1010 2549 nequo
1026 2487 1102 2534 vero
1118 2487 1231 2534 curare
1246 2474 1371 2551 potest:

234 2593 310 2656 ergo
333 2574 398 2638 illis
421 2570 528 2637 verbis
553 2571 591 2650 ‚si
613 2572 667 2653 qui
684 2571 724 2636 ud
741 2591 811 2637 eum
827 2572 987 2638 adveniot‘
1016 2609 1059 2618 —-
1087 2571 1134 2636 sie
1150 2591 1219 2636 cum
1242 2572 1373 2636 (loetale

233 2677 445 2760 Hosperoque
467 2676 636 2742 scribimus
659 2713 702 2722 -
724 2695 816 2741 nemo
840 2676 959 2741 dicitur
981 2676 1043 2742 nisi
1059 2675 1262 2759 Apoeouesp
1287 2677 1374 2742 dieat

234 2783 288 2848 ille
310 2782 410 2862 XXX,
433 2781 500 2860 XL,
525 2779 549 2844 L
574 2781 668 2845 minis
690 2779 851 2846 fidicinam
874 2781 1019 2848 stetisse:
1043 2781 1228 2863 pecuniaria
1250 2799 1286 2846 re
1308 2782 1373 2846 iam

233 2893 308 2952 ante
330 2888 372 2969 (v.
393 2884 468 2966 294)
491 2885 626 2967 Epidico
656 2905 806 2950 concessa
837 2886 917 2950 satis
941 2886 1004 2950 erit
1027 2886 1056 2950 ei
1080 2886 1266 2967 comperire,
1297 2906 1372 2952 num

232 2991 361 3057 fidicina
383 2996 491 3071 empta
514 2989 566 3068 sit,
590 2990 741 3070 quoniam
764 2991 834 3071 ipse
857 2990 1025 3072 Epidicum
1049 2989 1144 3054 claris
1168 2989 1275 3054 verbis
1299 3010 1372 3072 pro-

233 3095 413 3158 mittentem
436 3092 560 3158 audiuit
583 3112 617 3158 se
640 3094 828 3171 relaturum,
853 3094 937 3174 quod
961 3094 1033 3174 plus
1056 3092 1117 3158 sibi
1141 3094 1252 3158 dutum
1275 3100 1371 3173 esset,

234 3203 266 3263 et
287 3217 323 3264 re
351 3207 427 3264 vera
458 3197 510 3281 (cl
535 3217 563 3262 v.
588 3199 665 3279 419)
698 3203 762 3262 tom
793 3198 931 3262 stolidus
966 3203 1024 3277 est,
1056 3203 1093 3262 ut
1124 3197 1164 3262 de
1195 3198 1280 3263 servi
1310 3197 1373 3263 fide

232 3303 336 3368 rninus
360 3301 488 3368 dubitet
510 3321 604 3384 quam
629 3303 683 3384 qui
706 3302 845 3381 minime,
870 3301 907 3366 cf.
928 3321 956 3366 v,
974 3307 1047 3366 410.
1091 3302 1162 3366 litsi
1186 3302 1286 3384 igitur
1308 3321 1372 3368 non

232 3407 364 3472 nimium
387 3406 551 3474 tribuatur
572 3425 777 3472 munererum
801 3407 982 3472 diversitati
1007 3409 1047 3490 (v.
1063 3411 1124 3472 366
1141 3413 1174 3472 et
1190 3427 1218 3472 v.
1237 3407 1313 3489 705)
1329 3445 1371 3454 -

141 3518 145 3525 '
233 3511 419 3582 uurntelia
453 3511 516 3576 alio
550 3529 677 3592 quoque
710 3511 803 3576 modo
837 3510 1001 3592 explanari
1035 3516 1172 3592 possunt
1199 3549 1242 3557 —
1265 3517 1371 3576 tamen

232 3616 348 3680 ceteris
376 3615 481 3680 causis
505 3615 530 3678 L
554 3616 711 3680 minarum
741 3615 860 3680 mentio
885 3635 912 3680 v.
938 3620 999 3680 366
1024 3615 1111 3680 nullo
1143 3616 1236 3681 rirodo
1267 3616 1371 3680 teneri

232 3724 350 3801 potest,
382 3724 415 3784 ot
438 3719 555 3800 duplex
577 3723 708 3800 praesto
737 3723 787 3783 est
809 3717 942 3796 medela,
974 3737 1071 3800 quum
1103 3725 1159 3784 aut
1182 3719 1371 3798 emendandi

232 3825 316 3888 viam
339 3824 476 3905 ingressi
501 3823 637 3904 exempli
659 3823 766 3905 gratia
789 3820 973 3888 scribimus:

318 3928 382 3992 Pro
406 3926 535 3992 fidicina
559 3928 684 4009 ar'gentl
707 3927 810 3992 urinas
834 3945 869 3992 se
892 3925 1012 3992 tubere
1035 3927 1124 3991 donn‘
1148 3929 1284 4012 triptota

232 4038 288 4098 aut
310 4032 352 4096 R.
372 4032 556 4096 Molliorem
579 4038 612 4097 et
628 4030 867 4096 Daiaialroneru
891 4032 974 4115 (Jen.
998 4032 1260 4116 Liberaturzeitg.
1288 4039 1369 4100 1879

231 4157 262 4202 n.
286 4139 335 4219 17)
359 4138 461 4203 secuti
484 4156 613 4204 versum
644 4136 796 4217 delemus,
829 4137 947 4218 quippe
978 4156 1071 4219 quem
1095 4157 1133 4202 ex
1163 4157 1191 4202 v.
1211 4144 1271 4203 347
1295 4157 1370 4221 pro-

232 4241 309 4307 iecti
331 4242 535 4323 glossematis
560 4241 665 4323 specio
681 4241 774 4306 initio
797 4239 937 4305 fortasse
952 4241 1094 4306 numeris
1118 4241 1257 4306 solutum
1281 4250 1370 4308 orite-
