<?xml version="1.0" encoding="UTF-8"?>
<!DOCTYPE html PUBLIC "-//W3C//DTD XHTML 1.0 Transitional//EN"
    "http://www.w3.org/TR/xhtml1/DTD/xhtml1-transitional.dtd">
<html xmlns="http://www.w3.org/1999/xhtml" xml:lang="en" lang="en">
 <head>
  <title>
</title>
<meta http-equiv="Content-Type" content="text/html;charset=utf-8" />
  <meta name='ocr-system' content='tesseract 3.04.00' />
  <meta name='ocr-capabilities' content='ocr_page ocr_carea ocr_par ocr_line ocrx_word'/>
</head>
<body>
  <div class='ocr_page' id='page_1' title='image "./observationesin01schrgoog_0047.png"; bbox 0 0 3216 5106; ppageno 0'>
   <div class='ocr_carea' id='block_1_1' title="bbox 827 271 868 332">
    <p class='ocr_par' dir='ltr' id='par_1_1' title="bbox 827 271 868 332">
     <span class='ocr_line' id='line_1_1' title="bbox 827 271 868 332; baseline 0 0"><span class='ocrx_word' id='word_1_1' title='bbox 827 271 868 332; x_wconf 83' lang='lat'>42</span> 
     </span>
    </p>
   </div>
   <div class='ocr_carea' id='block_1_2' title="bbox 279 473 1501 956">
    <p class='ocr_par' dir='ltr' id='par_1_2' title="bbox 279 473 1501 956">
     <span class='ocr_line' id='line_1_2' title="bbox 279 473 1419 556; baseline -0.002 -16"><span class='ocrx_word' id='word_1_2' title='bbox 279 481 412 542; x_wconf 82' lang='lat' dir='ltr'>returns</span> <span class='ocrx_word' id='word_1_3' title='bbox 435 476 541 541; x_wconf 86' lang='lat' dir='ltr'>dicere</span> <span class='ocrx_word' id='word_1_4' title='bbox 571 497 618 554; x_wconf 84' lang='lat' dir='ltr'>‚eo</span> <span class='ocrx_word' id='word_1_5' title='bbox 645 476 708 542; x_wconf 91' lang='lat' dir='ltr'>iam</span> <span class='ocrx_word' id='word_1_6' title='bbox 735 475 855 541; x_wconf 79' lang='lat' dir='ltr'>domist</span> <span class='ocrx_word' id='word_1_7' title='bbox 881 494 940 556; x_wconf 90' lang='lat' dir='ltr'>pro</span> <span class='ocrx_word' id='word_1_8' title='bbox 963 474 1062 542; x_wconf 77' lang='lat' dir='ltr'>filiai‘</span> <span class='ocrx_word' id='word_1_9' title='bbox 1107 474 1305 556; x_wconf 82' lang='lat' dir='ltr'><strong>Quamquam</strong></span> <span class='ocrx_word' id='word_1_10' title='bbox 1334 473 1419 538; x_wconf 87' lang='lat' dir='ltr'>enim</span> 
     </span>
     <span class='ocr_line' id='line_1_3' title="bbox 279 578 1419 662; baseline -0.002 -18"><span class='ocrx_word' id='word_1_11' title='bbox 279 580 396 662; x_wconf 82' lang='lat' dir='ltr'>aliquis</span> <span class='ocrx_word' id='word_1_12' title='bbox 423 580 597 646; x_wconf 79' lang='lat' dir='ltr'>contendat</span> <span class='ocrx_word' id='word_1_13' title='bbox 625 600 716 644; x_wconf 76' lang='lat' dir='ltr'>recino</span> <span class='ocrx_word' id='word_1_14' title='bbox 742 598 821 644; x_wconf 83' lang='lat' dir='ltr'>voce</span> <span class='ocrx_word' id='word_1_15' title='bbox 847 599 876 645; x_wconf 85' lang='lat' dir='ltr'>v.</span> <span class='ocrx_word' id='word_1_16' title='bbox 894 585 956 644; x_wconf 81' lang='lat'>357</span> <span class='ocrx_word' id='word_1_17' title='bbox 987 581 1105 646; x_wconf 84' lang='lat' dir='ltr'>iterata</span> <span class='ocrx_word' id='word_1_18' title='bbox 1137 578 1217 646; x_wconf 88' lang='lat' dir='ltr'>satis</span> <span class='ocrx_word' id='word_1_19' title='bbox 1244 578 1419 644; x_wconf 90' lang='lat' dir='ltr'>monstrari</span> 
     </span>
     <span class='ocr_line' id='line_1_4' title="bbox 281 682 1418 766; baseline -0.002 -18"><span class='ocrx_word' id='word_1_20' title='bbox 281 684 449 766; x_wconf 85' lang='lat' dir='ltr'>Epidicum</span> <span class='ocrx_word' id='word_1_21' title='bbox 471 684 536 748; x_wconf 88' lang='lat' dir='ltr'>illis</span> <span class='ocrx_word' id='word_1_22' title='bbox 559 682 667 750; x_wconf 89' lang='lat' dir='ltr'>verbis</span> <span class='ocrx_word' id='word_1_23' title='bbox 690 683 730 749; x_wconf 89' lang='lat' dir='ltr'>ad</span> <span class='ocrx_word' id='word_1_24' title='bbox 752 683 894 766; x_wconf 88' lang='lat' dir='ltr'>priorem</span> <span class='ocrx_word' id='word_1_25' title='bbox 916 683 1076 750; x_wconf 87' lang='lat' dir='ltr'>fidicinam</span> <span class='ocrx_word' id='word_1_26' title='bbox 1099 683 1288 764; x_wconf 86' lang='lat' dir='ltr'>recurrisse,</span> <span class='ocrx_word' id='word_1_27' title='bbox 1311 686 1418 746; x_wconf 84' lang='lat' dir='ltr'>tamen</span> 
     </span>
     <span class='ocr_line' id='line_1_5' title="bbox 280 779 1501 872; baseline -0.002 -20"><span class='ocrx_word' id='word_1_28' title='bbox 280 787 342 852; x_wconf 88' lang='lat' dir='ltr'>hoc</span> <span class='ocrx_word' id='word_1_29' title='bbox 364 792 479 869; x_wconf 88' lang='lat' dir='ltr'>poetae</span> <span class='ocrx_word' id='word_1_30' title='bbox 502 788 684 854; x_wconf 77' lang='lat' dir='ltr'>accuratius</span> <span class='ocrx_word' id='word_1_31' title='bbox 711 787 915 854; x_wconf 85' lang='lat' dir='ltr'>indicandum</span> <span class='ocrx_word' id='word_1_32' title='bbox 937 787 1038 854; x_wconf 84' lang='lat' dir='ltr'>fuisse</span> <span class='ocrx_word' id='word_1_33' title='bbox 1059 793 1148 872; x_wconf 89' lang='lat' dir='ltr'>puto,</span> <span class='ocrx_word' id='word_1_34' title='bbox 1177 806 1274 870; x_wconf 91' lang='lat' dir='ltr'>quum</span> <span class='ocrx_word' id='word_1_35' title='bbox 1297 805 1345 852; x_wconf 85' lang='lat' dir='ltr'>ex.</span> <span class='ocrx_word' id='word_1_36' title='bbox 1370 803 1418 867; x_wconf 87' lang='lat' dir='ltr'>gr.</span> <span class='ocrx_word' id='word_1_37' title='bbox 1491 779 1501 790; x_wconf 83' lang='grc'><em>“</em></span> 
     </span>
     <span class='ocr_line' id='line_1_6' title="bbox 282 888 545 956; baseline 0 0"><span class='ocrx_word' id='word_1_38' title='bbox 282 888 452 956; x_wconf 87' lang='lat' dir='ltr'>scriberet:</span> <span class='ocrx_word' id='word_1_39' title='bbox 543 911 545 917; x_wconf 91' lang='lat'><em>·</em></span> 
     </span>
    </p>
   </div>
   <div class='ocr_carea' id='block_1_3' title="bbox 282 1063 1417 1150">
    <p class='ocr_par' dir='ltr' id='par_1_3' title="bbox 282 1063 1417 1150">
     <span class='ocr_line' id='line_1_7' title="bbox 282 1063 1417 1150; baseline 0.003 -22"><span class='ocrx_word' id='word_1_40' title='bbox 282 1065 346 1150; x_wconf 78' lang='lat' dir='ltr'>Ep.</span> <span class='ocrx_word' id='word_1_41' title='bbox 362 1064 743 1148; x_wconf 73' lang='lat' dir='ltr'>Illodcdomistprofssia.</span> <span class='ocrx_word' id='word_1_42' title='bbox 771 1063 837 1130; x_wconf 83' lang='lat' dir='ltr'>Sir.</span> <span class='ocrx_word' id='word_1_43' title='bbox 849 1064 964 1132; x_wconf 81' lang='lat' dir='ltr'>Teneo.</span> <span class='ocrx_word' id='word_1_44' title='bbox 988 1065 1053 1148; x_wconf 85' lang='lat' dir='ltr'>Ep.</span> <span class='ocrx_word' id='word_1_45' title='bbox 1067 1063 1158 1130; x_wconf 92' lang='lat' dir='ltr'>Nunc</span> <span class='ocrx_word' id='word_1_46' title='bbox 1166 1063 1350 1130; x_wconf 81' lang='lat' dir='ltr'>adiutorem</span> <span class='ocrx_word' id='word_1_47' title='bbox 1358 1068 1417 1133; x_wconf 85' lang='lat' dir='ltr'>etc.</span> 
     </span>
    </p>
   </div>
   <div class='ocr_carea' id='block_1_4' title="bbox 281 1236 1420 1530">
    <p class='ocr_par' dir='ltr' id='par_1_4' title="bbox 281 1236 1420 1530">
     <span class='ocr_line' id='line_1_8' title="bbox 281 1236 1420 1323; baseline 0 -19"><span class='ocrx_word' id='word_1_48' title='bbox 281 1258 376 1321; x_wconf 86' lang='lat' dir='ltr'>quam</span> <span class='ocrx_word' id='word_1_49' title='bbox 403 1239 657 1305; x_wconf 83' lang='lat' dir='ltr'>emendationem</span> <span class='ocrx_word' id='word_1_50' title='bbox 685 1238 885 1318; x_wconf 88' lang='lat' dir='ltr'>,adiutorem‘</span> <span class='ocrx_word' id='word_1_51' title='bbox 915 1237 1087 1323; x_wconf 81' lang='lat' dir='ltr'>Spenpele&#39;o</span> <span class='ocrx_word' id='word_1_52' title='bbox 1114 1236 1224 1304; x_wconf 90' lang='lat' dir='ltr'>debeo.</span> <span class='ocrx_word' id='word_1_53' title='bbox 1271 1239 1420 1305; x_wconf 85' lang='lat' dir='ltr'>Ceterum</span> 
     </span>
     <span class='ocr_line' id='line_1_9' title="bbox 281 1342 1420 1427; baseline 0.001 -20"><span class='ocrx_word' id='word_1_54' title='bbox 281 1342 351 1408; x_wconf 89' lang='lat' dir='ltr'>loco</span> <span class='ocrx_word' id='word_1_55' title='bbox 375 1381 407 1389; x_wconf 87' lang='lat'>—</span> <span class='ocrx_word' id='word_1_56' title='bbox 431 1343 516 1426; x_wconf 91' lang='lat' dir='ltr'>qnod</span> <span class='ocrx_word' id='word_1_57' title='bbox 531 1342 720 1427; x_wconf 80' lang='lat' dir='ltr'>Hesperum</span> <span class='ocrx_word' id='word_1_58' title='bbox 741 1343 846 1409; x_wconf 88' lang='lat' dir='ltr'>obiter</span> <span class='ocrx_word' id='word_1_59' title='bbox 869 1343 1028 1409; x_wconf 89' lang='lat' dir='ltr'>indicasse</span> <span class='ocrx_word' id='word_1_60' title='bbox 1043 1342 1136 1408; x_wconf 89' lang='lat' dir='ltr'>video</span> <span class='ocrx_word' id='word_1_61' title='bbox 1152 1381 1193 1389; x_wconf 86' lang='lat'><em>-</em></span> <span class='ocrx_word' id='word_1_62' title='bbox 1209 1343 1273 1408; x_wconf 84' lang='lat' dir='ltr'>alia</span> <span class='ocrx_word' id='word_1_63' title='bbox 1295 1361 1420 1426; x_wconf 89' lang='lat' dir='ltr'>quoque</span> 
     </span>
     <span class='ocr_line' id='line_1_10' title="bbox 281 1446 1314 1530; baseline 0.002 -19"><span class='ocrx_word' id='word_1_64' title='bbox 281 1447 406 1513; x_wconf 88' lang='lat' dir='ltr'>ratione</span> <span class='ocrx_word' id='word_1_65' title='bbox 428 1446 549 1513; x_wconf 88' lang='lat' dir='ltr'>mederi</span> <span class='ocrx_word' id='word_1_66' title='bbox 571 1465 753 1530; x_wconf 87' lang='lat' dir='ltr'>possumus,</span> <span class='ocrx_word' id='word_1_67' title='bbox 777 1467 874 1530; x_wconf 91' lang='lat' dir='ltr'>quum</span> <span class='ocrx_word' id='word_1_68' title='bbox 896 1447 942 1512; x_wconf 86' lang='lat' dir='ltr'>ita</span> <span class='ocrx_word' id='word_1_69' title='bbox 964 1465 1076 1512; x_wconf 89' lang='lat' dir='ltr'>versus</span> <span class='ocrx_word' id='word_1_70' title='bbox 1100 1447 1314 1529; x_wconf 85' lang='lat' dir='ltr'>disponimus:</span> 
     </span>
    </p>
   </div>
   <div class='ocr_carea' id='block_1_5' title="bbox 282 1635 1421 2536">
    <p class='ocr_par' dir='ltr' id='par_1_5' title="bbox 282 1635 1421 2536">
     <span class='ocr_line' id='line_1_11' title="bbox 283 1635 1420 1722; baseline 0.002 -22"><span class='ocrx_word' id='word_1_71' title='bbox 283 1637 347 1722; x_wconf 83' lang='lat' dir='ltr'>Ep.</span> <span class='ocrx_word' id='word_1_72' title='bbox 373 1637 455 1703; x_wconf 88' lang='lat' dir='ltr'>Nam</span> <span class='ocrx_word' id='word_1_73' title='bbox 485 1637 558 1704; x_wconf 83' lang='lat' dir='ltr'>leno</span> <span class='ocrx_word' id='word_1_74' title='bbox 588 1655 681 1704; x_wconf 88' lang='lat' dir='ltr'>omne</span> <span class='ocrx_word' id='word_1_75' title='bbox 715 1645 884 1721; x_wconf 81' lang='lat' dir='ltr'>argentum</span> <span class='ocrx_word' id='word_1_76' title='bbox 914 1636 1050 1704; x_wconf 73' lang='lat' dir='ltr'>obstulit</span> <span class='ocrx_word' id='word_1_77' title='bbox 1083 1657 1142 1720; x_wconf 94' lang='lat' dir='ltr'>pro</span> <span class='ocrx_word' id='word_1_78' title='bbox 1172 1635 1320 1704; x_wconf 87' lang='lat' dir='ltr'>fidicina:</span> <span class='ocrx_word' id='word_1_79' title='bbox 1361 1655 1420 1719; x_wconf 85' lang='lat' dir='ltr'>ego</span> 
     </span>
     <span class='ocr_line' id='line_1_12' title="bbox 904 1742 1032 1808; baseline 0 0"><span class='ocrx_word' id='word_1_80' title='bbox 904 1742 1032 1808; x_wconf 81' lang='lat' dir='ltr'>resolvi.</span> 
     </span>
     <span class='ocr_line' id='line_1_13' title="bbox 368 1844 1420 1929; baseline 0.001 -19"><span class='ocrx_word' id='word_1_81' title='bbox 368 1846 416 1910; x_wconf 84' lang='lat' dir='ltr'>Ea</span> <span class='ocrx_word' id='word_1_82' title='bbox 431 1844 494 1910; x_wconf 78' lang='lat' dir='ltr'>iam</span> <span class='ocrx_word' id='word_1_83' title='bbox 509 1845 627 1912; x_wconf 91' lang='lat' dir='ltr'>domist</span> <span class='ocrx_word' id='word_1_84' title='bbox 642 1865 700 1928; x_wconf 93' lang='lat' dir='ltr'>pro</span> <span class='ocrx_word' id='word_1_85' title='bbox 716 1844 793 1910; x_wconf 81' lang='lat' dir='ltr'>iilia.</span> <span class='ocrx_word' id='word_1_86' title='bbox 820 1844 886 1910; x_wconf 82' lang='lat' dir='ltr'>Sir.</span> <span class='ocrx_word' id='word_1_87' title='bbox 912 1845 1026 1912; x_wconf 79' lang='lat' dir='ltr'>Teneo.</span> <span class='ocrx_word' id='word_1_88' title='bbox 1051 1845 1116 1929; x_wconf 76' lang='lat' dir='ltr'>Ep.</span> <span class='ocrx_word' id='word_1_89' title='bbox 1134 1845 1226 1912; x_wconf 91' lang='lat' dir='ltr'>Nunc</span> <span class='ocrx_word' id='word_1_90' title='bbox 1236 1845 1420 1910; x_wconf 65' lang='lat' dir='ltr'>edictionem</span> 
     </span>
     <span class='ocr_line' id='line_1_14' title="bbox 367 1948 1349 2032; baseline 0 -18"><span class='ocrx_word' id='word_1_91' title='bbox 367 1949 413 2014; x_wconf 86' lang='lat' dir='ltr'>Ut</span> <span class='ocrx_word' id='word_1_92' title='bbox 434 1951 551 2016; x_wconf 88' lang='lat' dir='ltr'>iterum</span> <span class='ocrx_word' id='word_1_93' title='bbox 573 1950 705 2016; x_wconf 80' lang='lat' dir='ltr'>fallatur</span> <span class='ocrx_word' id='word_1_94' title='bbox 728 1955 830 2031; x_wconf 81' lang='lat' dir='ltr'>poter·</span> <span class='ocrx_word' id='word_1_95' title='bbox 843 1948 966 2032; x_wconf 89' lang='lat' dir='ltr'>tibique</span> <span class='ocrx_word' id='word_1_96' title='bbox 989 1950 1141 2015; x_wconf 82' lang='lat' dir='ltr'>auxilium</span> <span class='ocrx_word' id='word_1_97' title='bbox 1164 1949 1349 2032; x_wconf 80' lang='lat' dir='ltr'>adpardtur,</span> 
     </span>
     <span class='ocr_line' id='line_1_15' title="bbox 367 2051 1418 2136; baseline -0.001 -18"><span class='ocrx_word' id='word_1_98' title='bbox 367 2054 491 2134; x_wconf 78' lang='lat' dir='ltr'>Inveni3</span> <span class='ocrx_word' id='word_1_99' title='bbox 514 2074 588 2120; x_wconf 87' lang='lat' dir='ltr'>narn</span> <span class='ocrx_word' id='word_1_100' title='bbox 611 2055 657 2120; x_wconf 84' lang='lat' dir='ltr'>ita</span> <span class='ocrx_word' id='word_1_101' title='bbox 679 2054 767 2119; x_wconf 85' lang='lat' dir='ltr'>suasi</span> <span class='ocrx_word' id='word_1_102' title='bbox 789 2053 858 2118; x_wconf 90' lang='lat' dir='ltr'>seni</span> <span class='ocrx_word' id='word_1_103' title='bbox 881 2059 978 2136; x_wconf 86' lang='lat' dir='ltr'>atque</span> <span class='ocrx_word' id='word_1_104' title='bbox 999 2053 1081 2118; x_wconf 87' lang='lat' dir='ltr'>hanc</span> <span class='ocrx_word' id='word_1_105' title='bbox 1107 2051 1205 2118; x_wconf 74' lang='lat' dir='ltr'>hebui</span> <span class='ocrx_word' id='word_1_106' title='bbox 1231 2053 1418 2132; x_wconf 84' lang='lat' dir='ltr'>oratidnem,</span> 
     </span>
     <span class='ocr_line' id='line_1_16' title="bbox 368 2157 1420 2241; baseline -0.001 -18"><span class='ocrx_word' id='word_1_107' title='bbox 368 2159 427 2241; x_wconf 84' lang='lat' dir='ltr'>[Ut</span> <span class='ocrx_word' id='word_1_108' title='bbox 448 2158 610 2224; x_wconf 81' lang='lat' dir='ltr'>fidicinam</span> <span class='ocrx_word' id='word_1_109' title='bbox 634 2159 729 2224; x_wconf 85' lang='lat' dir='ltr'>aliam</span> <span class='ocrx_word' id='word_1_110' title='bbox 751 2157 940 2240; x_wconf 68' lang='lat' dir='ltr'>praestines,</span> <span class='ocrx_word' id='word_1_111' title='bbox 965 2175 1060 2240; x_wconf 86' lang='lat' dir='ltr'>quam</span> <span class='ocrx_word' id='word_1_112' title='bbox 1080 2157 1215 2222; x_wconf 85' lang='lat' dir='ltr'>mdltum&#39;</span> <span class='ocrx_word' id='word_1_113' title='bbox 1232 2157 1420 2241; x_wconf 75' lang='lat' dir='ltr'>deperires]</span> 
     </span>
     <span class='ocr_line' id='line_1_17' title="bbox 368 2259 1418 2344; baseline 0 -18"><span class='ocrx_word' id='word_1_114' title='bbox 368 2262 422 2343; x_wconf 89' lang='lat' dir='ltr'>Ut,</span> <span class='ocrx_word' id='word_1_115' title='bbox 446 2262 540 2344; x_wconf 80' lang='lat' dir='ltr'>quom</span> <span class='ocrx_word' id='word_1_116' title='bbox 563 2263 715 2343; x_wconf 85' lang='lat' dir='ltr'>redisses,</span> <span class='ocrx_word' id='word_1_117' title='bbox 738 2261 778 2327; x_wconf 78' lang='lat' dir='ltr'>ne</span> <span class='ocrx_word' id='word_1_118' title='bbox 801 2259 861 2325; x_wconf 89' lang='lat' dir='ltr'>tibi</span> <span class='ocrx_word' id='word_1_119' title='bbox 885 2262 953 2327; x_wconf 92' lang='lat' dir='ltr'>eius</span> <span class='ocrx_word' id='word_1_120' title='bbox 977 2262 1068 2344; x_wconf 75' lang='lat' dir='ltr'>copia</span> <span class='ocrx_word' id='word_1_121' title='bbox 1091 2266 1185 2327; x_wconf 61' lang='lat' dir='ltr'>esset,</span> <span class='ocrx_word' id='word_1_122' title='bbox 1220 2261 1287 2326; x_wconf 80' lang='lat' dir='ltr'>Str.</span> <span class='ocrx_word' id='word_1_123' title='bbox 1312 2261 1418 2343; x_wconf 82' lang='lat' dir='ltr'>Erige!</span> 
     </span>
     <span class='ocr_line' id='line_1_18' title="bbox 282 2364 1421 2449; baseline 0.002 -21"><span class='ocrx_word' id='word_1_124' title='bbox 282 2364 347 2449; x_wconf 83' lang='lat' dir='ltr'>Ep.</span> <span class='ocrx_word' id='word_1_125' title='bbox 373 2366 472 2431; x_wconf 85' lang='lat' dir='ltr'>Dedit</span> <span class='ocrx_word' id='word_1_126' title='bbox 501 2367 545 2431; x_wconf 93' lang='lat' dir='ltr'>mi</span> <span class='ocrx_word' id='word_1_127' title='bbox 575 2367 616 2432; x_wconf 90' lang='lat' dir='ltr'>ad</span> <span class='ocrx_word' id='word_1_128' title='bbox 647 2367 728 2432; x_wconf 88' lang='lat' dir='ltr'>hanc</span> <span class='ocrx_word' id='word_1_129' title='bbox 758 2385 827 2431; x_wconf 85' lang='lat' dir='ltr'>rom</span> <span class='ocrx_word' id='word_1_130' title='bbox 850 2365 1043 2448; x_wconf 81' lang='lat' dir='ltr'>Apoecidem</span> <span class='ocrx_word' id='word_1_131' title='bbox 1072 2403 1116 2412; x_wconf 90' lang='lat'>-</span> <span class='ocrx_word' id='word_1_132' title='bbox 1145 2366 1173 2431; x_wconf 91' lang='lat' dir='ltr'>is</span> <span class='ocrx_word' id='word_1_133' title='bbox 1201 2365 1287 2448; x_wconf 78' lang='lat' dir='ltr'>apud</span> <span class='ocrx_word' id='word_1_134' title='bbox 1316 2365 1421 2431; x_wconf 87' lang='lat' dir='ltr'>iorum</span> 
     </span>
     <span class='ocr_line' id='line_1_19' title="bbox 903 2471 1148 2536; baseline 0.008 -2"><span class='ocrx_word' id='word_1_135' title='bbox 903 2471 1012 2536; x_wconf 73' lang='lat' dir='ltr'>monet</span> <span class='ocrx_word' id='word_1_136' title='bbox 1034 2490 1085 2536; x_wconf 93' lang='lat' dir='ltr'>me</span> <span class='ocrx_word' id='word_1_137' title='bbox 1109 2508 1148 2518; x_wconf 87' lang='lat'><em>-</em></span> 
     </span>
    </p>
   </div>
   <div class='ocr_carea' id='block_1_6' title="bbox 368 2573 1421 2761">
    <p class='ocr_par' dir='ltr' id='par_1_6' title="bbox 368 2573 1421 2761">
     <span class='ocr_line' id='line_1_20' title="bbox 368 2573 1421 2659; baseline 0.002 -21"><span class='ocrx_word' id='word_1_138' title='bbox 368 2573 430 2651; x_wconf 80' lang='lat' dir='ltr'>Qui</span> <span class='ocrx_word' id='word_1_139' title='bbox 453 2573 542 2640; x_wconf 78' lang='lat' dir='ltr'>recte</span> <span class='ocrx_word' id='word_1_140' title='bbox 565 2579 687 2640; x_wconf 85' lang='lat' dir='ltr'>caveat.</span> <span class='ocrx_word' id='word_1_141' title='bbox 736 2575 802 2640; x_wconf 82' lang='lat' dir='ltr'>Str.</span> <span class='ocrx_word' id='word_1_142' title='bbox 827 2575 921 2640; x_wconf 80' lang='lat' dir='ltr'>Haud</span> <span class='ocrx_word' id='word_1_143' title='bbox 944 2575 1036 2640; x_wconf 89' lang='lat' dir='ltr'>male.</span> <span class='ocrx_word' id='word_1_144' title='bbox 1083 2573 1147 2659; x_wconf 83' lang='lat' dir='ltr'>Ep.</span> <span class='ocrx_word' id='word_1_145' title='bbox 1178 2574 1242 2640; x_wconf 86' lang='lat' dir='ltr'>Sed</span> <span class='ocrx_word' id='word_1_146' title='bbox 1264 2573 1328 2639; x_wconf 88' lang='lat' dir='ltr'>iam</span> <span class='ocrx_word' id='word_1_147' title='bbox 1351 2574 1421 2657; x_wconf 88' lang='lat' dir='ltr'>ipse</span> 
     </span>
     <span class='ocr_line' id='line_1_21' title="bbox 903 2677 1178 2761; baseline 0 -17"><span class='ocrx_word' id='word_1_148' title='bbox 903 2684 1017 2744; x_wconf 83' lang='lat' dir='ltr'>cautor</span> <span class='ocrx_word' id='word_1_149' title='bbox 1039 2677 1178 2761; x_wconf 73' lang='lat' dir='ltr'>captust.</span> 
     </span>
    </p>
   </div>
   <div class='ocr_carea' id='block_1_7' title="bbox 282 2869 1419 4310">
    <p class='ocr_par' dir='ltr' id='par_1_7' title="bbox 350 2869 1419 3042">
     <span class='ocr_line' id='line_1_22' title="bbox 350 2869 1419 2952; baseline 0.001 -18"><span class='ocrx_word' id='word_1_150' title='bbox 350 2909 357 2922; x_wconf 82' lang='lat'><strong>·</strong></span> <span class='ocrx_word' id='word_1_151' title='bbox 412 2870 479 2935; x_wconf 87' lang='lat' dir='ltr'>Das</span> <span class='ocrx_word' id='word_1_152' title='bbox 501 2889 602 2952; x_wconf 84' lang='lat' dir='ltr'>ganne</span> <span class='ocrx_word' id='word_1_153' title='bbox 626 2870 708 2934; x_wconf 90' lang='lat' dir='ltr'>Geld</span> <span class='ocrx_word' id='word_1_154' title='bbox 727 2870 763 2952; x_wconf 89' lang='lat' dir='ltr'>ja</span> <span class='ocrx_word' id='word_1_155' title='bbox 785 2869 880 2934; x_wconf 90' lang='lat' dir='ltr'>uahm</span> <span class='ocrx_word' id='word_1_156' title='bbox 904 2869 962 2934; x_wconf 89' lang='lat' dir='ltr'>der</span> <span class='ocrx_word' id='word_1_157' title='bbox 976 2869 1063 2936; x_wconf 88' lang='lat' dir='ltr'>Wirt</span> <span class='ocrx_word' id='word_1_158' title='bbox 1085 2869 1138 2936; x_wconf 85' lang='lat' dir='ltr'>fiir</span> <span class='ocrx_word' id='word_1_159' title='bbox 1160 2870 1212 2936; x_wconf 91' lang='lat' dir='ltr'>die</span> <span class='ocrx_word' id='word_1_160' title='bbox 1232 2870 1419 2936; x_wconf 86' lang='lat' dir='ltr'>Harinerin:</span> 
     </span>
     <span class='ocr_line' id='line_1_23' title="bbox 901 2973 1182 3042; baseline 0 -2"><span class='ocrx_word' id='word_1_161' title='bbox 901 2976 956 3041; x_wconf 76' lang='lat' dir='ltr'>ich</span> <span class='ocrx_word' id='word_1_162' title='bbox 977 2973 1114 3042; x_wconf 87' lang='lat' dir='ltr'>bezahlt&#39;</span> <span class='ocrx_word' id='word_1_163' title='bbox 1138 2993 1182 3040; x_wconf 88' lang='lat' dir='ltr'>es.</span> 
     </span>
    </p>

    <p class='ocr_par' dir='ltr' id='par_1_8' title="bbox 369 3076 1417 3252">
     <span class='ocr_line' id='line_1_24' title="bbox 369 3076 1417 3164; baseline -0.006 -19"><span class='ocrx_word' id='word_1_164' title='bbox 369 3078 423 3146; x_wconf 85' lang='lat' dir='ltr'>Sie</span> <span class='ocrx_word' id='word_1_165' title='bbox 444 3077 505 3160; x_wconf 80' lang='lat' dir='ltr'>giit</span> <span class='ocrx_word' id='word_1_166' title='bbox 526 3096 567 3142; x_wconf 85' lang='lat' dir='ltr'>zu</span> <span class='ocrx_word' id='word_1_167' title='bbox 589 3077 679 3144; x_wconf 84' lang='lat' dir='ltr'>Heus</span> <span class='ocrx_word' id='word_1_168' title='bbox 702 3079 749 3144; x_wconf 83' lang='lat' dir='ltr'>als</span> <span class='ocrx_word' id='word_1_169' title='bbox 765 3079 905 3147; x_wconf 89' lang='lat' dir='ltr'>Tochter</span> <span class='ocrx_word' id='word_1_170' title='bbox 924 3082 1015 3164; x_wconf 85' lang='lat' dir='ltr'>jetnt.</span> <span class='ocrx_word' id='word_1_171' title='bbox 1049 3080 1116 3146; x_wconf 80' lang='lat' dir='ltr'>Str.</span> <span class='ocrx_word' id='word_1_172' title='bbox 1141 3078 1196 3145; x_wconf 90' lang='lat' dir='ltr'>Ich</span> <span class='ocrx_word' id='word_1_173' title='bbox 1219 3076 1320 3144; x_wconf 85' lang='lat' dir='ltr'>weiss.</span> <span class='ocrx_word' id='word_1_174' title='bbox 1353 3076 1417 3160; x_wconf 80' lang='lat' dir='ltr'>Ep.</span> 
     </span>
     <span class='ocr_line' id='line_1_25' title="bbox 901 3181 1380 3252; baseline -0.01 -1"><span class='ocrx_word' id='word_1_175' title='bbox 901 3186 991 3251; x_wconf 82' lang='lat' dir='ltr'>ietnt</span> <span class='ocrx_word' id='word_1_176' title='bbox 1012 3185 1099 3252; x_wconf 86' lang='lat' dir='ltr'>ward</span> <span class='ocrx_word' id='word_1_177' title='bbox 1123 3183 1204 3250; x_wconf 91' lang='lat' dir='ltr'>noch</span> <span class='ocrx_word' id='word_1_178' title='bbox 1226 3181 1380 3247; x_wconf 88' lang='lat' dir='ltr'>Beistand</span> 
     </span>
    </p>

    <p class='ocr_par' dir='ltr' id='par_1_9' title="bbox 368 3285 1372 3368">
     <span class='ocr_line' id='line_1_26' title="bbox 368 3285 1372 3368; baseline -0.001 -18"><span class='ocrx_word' id='word_1_179' title='bbox 368 3286 431 3350; x_wconf 90' lang='lat' dir='ltr'>Mir</span> <span class='ocrx_word' id='word_1_180' title='bbox 454 3303 513 3368; x_wconf 80' lang='lat' dir='ltr'>gar</span> <span class='ocrx_word' id='word_1_181' title='bbox 534 3305 574 3350; x_wconf 85' lang='lat' dir='ltr'>zu</span> <span class='ocrx_word' id='word_1_182' title='bbox 596 3286 663 3368; x_wconf 81' lang='lat' dir='ltr'>teil,</span> <span class='ocrx_word' id='word_1_183' title='bbox 686 3305 740 3351; x_wconf 91' lang='lat' dir='ltr'>urn</span> <span class='ocrx_word' id='word_1_184' title='bbox 763 3285 923 3354; x_wconf 86' lang='lat' dir='ltr'>abermels</span> <span class='ocrx_word' id='word_1_185' title='bbox 946 3289 1007 3354; x_wconf 91' lang='lat' dir='ltr'>den</span> <span class='ocrx_word' id='word_1_186' title='bbox 1033 3289 1132 3354; x_wconf 86' lang='lat' dir='ltr'>Veter</span> <span class='ocrx_word' id='word_1_187' title='bbox 1153 3305 1194 3352; x_wconf 88' lang='lat' dir='ltr'>zu</span> <span class='ocrx_word' id='word_1_188' title='bbox 1215 3287 1372 3368; x_wconf 80' lang='lat' dir='ltr'>betritgen</span> 
     </span>
    </p>

    <p class='ocr_par' dir='ltr' id='par_1_10' title="bbox 368 3387 1417 3459">
     <span class='ocr_line' id='line_1_27' title="bbox 368 3387 1417 3459; baseline -0.002 -5"><span class='ocrx_word' id='word_1_189' title='bbox 368 3391 415 3454; x_wconf 89' lang='lat' dir='ltr'>Zn</span> <span class='ocrx_word' id='word_1_190' title='bbox 426 3389 552 3455; x_wconf 90' lang='lat' dir='ltr'>deinem</span> <span class='ocrx_word' id='word_1_191' title='bbox 563 3390 650 3456; x_wconf 89' lang='lat' dir='ltr'>Heii!</span> <span class='ocrx_word' id='word_1_192' title='bbox 676 3391 718 3456; x_wconf 87' lang='lat' dir='ltr'>So</span> <span class='ocrx_word' id='word_1_193' title='bbox 731 3391 867 3457; x_wconf 73' lang='lat' dir='ltr'>numlich</span> <span class='ocrx_word' id='word_1_194' title='bbox 880 3412 946 3459; x_wconf 86' lang='lat' dir='ltr'>war</span> <span class='ocrx_word' id='word_1_195' title='bbox 957 3393 1041 3458; x_wconf 91' lang='lat' dir='ltr'>mein</span> <span class='ocrx_word' id='word_1_196' title='bbox 1053 3393 1116 3457; x_wconf 78' lang='lat' dir='ltr'>Rat</span> <span class='ocrx_word' id='word_1_197' title='bbox 1129 3391 1193 3456; x_wconf 90' lang='lat' dir='ltr'>und</span> <span class='ocrx_word' id='word_1_198' title='bbox 1205 3387 1417 3455; x_wconf 91' lang='lat' dir='ltr'>meineRede:</span> 
     </span>
    </p>

    <p class='ocr_par' dir='ltr' id='par_1_11' title="bbox 368 3493 1418 3682">
     <span class='ocr_line' id='line_1_28' title="bbox 368 3493 1418 3580; baseline -0.003 -22"><span class='ocrx_word' id='word_1_199' title='bbox 368 3494 449 3559; x_wconf 85' lang='lat' dir='ltr'>Eine</span> <span class='ocrx_word' id='word_1_200' title='bbox 477 3494 577 3559; x_wconf 87' lang='lat' dir='ltr'>andre</span> <span class='ocrx_word' id='word_1_201' title='bbox 604 3493 787 3575; x_wconf 86' lang='lat' dir='ltr'>Harinerin,</span> <span class='ocrx_word' id='word_1_202' title='bbox 817 3502 909 3563; x_wconf 90' lang='lat' dir='ltr'>teuer</span> <span class='ocrx_word' id='word_1_203' title='bbox 937 3497 996 3580; x_wconf 87' lang='lat' dir='ltr'>dir,</span> <span class='ocrx_word' id='word_1_204' title='bbox 1025 3497 1086 3562; x_wconf 88' lang='lat' dir='ltr'>soll</span> <span class='ocrx_word' id='word_1_205' title='bbox 1115 3515 1151 3562; x_wconf 88' lang='lat' dir='ltr'>er</span> <span class='ocrx_word' id='word_1_206' title='bbox 1177 3495 1237 3560; x_wconf 92' lang='lat' dir='ltr'>mit</span> <span class='ocrx_word' id='word_1_207' title='bbox 1259 3493 1341 3559; x_wconf 88' lang='lat' dir='ltr'>Geld</span> <span class='ocrx_word' id='word_1_208' title='bbox 1369 3511 1418 3557; x_wconf 92' lang='lat' dir='ltr'>er-</span> 
     </span>
     <span class='ocr_line' id='line_1_29' title="bbox 904 3601 1040 3682; baseline 0 -16"><span class='ocrx_word' id='word_1_209' title='bbox 904 3601 1040 3682; x_wconf 80' lang='lat' dir='ltr'>werhen,</span> 
     </span>
    </p>

    <p class='ocr_par' dir='ltr' id='par_1_12' title="bbox 371 3701 1419 3876">
     <span class='ocr_line' id='line_1_30' title="bbox 371 3701 1419 3772; baseline 0 -5"><span class='ocrx_word' id='word_1_210' title='bbox 371 3702 482 3768; x_wconf 84' lang='lat' dir='ltr'>Damit</span> <span class='ocrx_word' id='word_1_211' title='bbox 511 3702 558 3768; x_wconf 89' lang='lat' dir='ltr'>sie</span> <span class='ocrx_word' id='word_1_212' title='bbox 588 3702 640 3768; x_wconf 91' lang='lat' dir='ltr'>dir</span> <span class='ocrx_word' id='word_1_213' title='bbox 670 3703 751 3769; x_wconf 92' lang='lat' dir='ltr'>nach</span> <span class='ocrx_word' id='word_1_214' title='bbox 783 3703 842 3770; x_wconf 88' lang='lat' dir='ltr'>der</span> <span class='ocrx_word' id='word_1_215' title='bbox 870 3705 1060 3772; x_wconf 85' lang='lat' dir='ltr'>Heimkunit</span> <span class='ocrx_word' id='word_1_216' title='bbox 1088 3705 1178 3772; x_wconf 90' lang='lat' dir='ltr'>nicht</span> <span class='ocrx_word' id='word_1_217' title='bbox 1205 3723 1265 3769; x_wconf 86' lang='lat' dir='ltr'>zur</span> <span class='ocrx_word' id='word_1_218' title='bbox 1294 3701 1419 3768; x_wconf 87' lang='lat' dir='ltr'>Frende</span> 
     </span>
     <span class='ocr_line' id='line_1_31' title="bbox 904 3809 1352 3876; baseline 0 -2"><span class='ocrx_word' id='word_1_219' title='bbox 904 3810 1037 3876; x_wconf 87' lang='lat' dir='ltr'>dione..</span> <span class='ocrx_word' id='word_1_220' title='bbox 1086 3809 1152 3874; x_wconf 80' lang='lat' dir='ltr'>Str.</span> <span class='ocrx_word' id='word_1_221' title='bbox 1178 3809 1280 3874; x_wconf 86' lang='lat' dir='ltr'>Recht</span> <span class='ocrx_word' id='word_1_222' title='bbox 1303 3809 1352 3874; x_wconf 91' lang='lat' dir='ltr'>so!</span> 
     </span>
    </p>

    <p class='ocr_par' dir='ltr' id='par_1_13' title="bbox 282 3909 1419 3995">
     <span class='ocr_line' id='line_1_32' title="bbox 282 3909 1419 3995; baseline 0.003 -21"><span class='ocrx_word' id='word_1_223' title='bbox 282 3909 347 3994; x_wconf 83' lang='lat' dir='ltr'>Ep.</span> <span class='ocrx_word' id='word_1_224' title='bbox 373 3910 442 3976; x_wconf 90' lang='lat' dir='ltr'>Den</span> <span class='ocrx_word' id='word_1_225' title='bbox 466 3911 646 3994; x_wconf 85' lang='lat' dir='ltr'>Apoecides</span> <span class='ocrx_word' id='word_1_226' title='bbox 675 3931 740 3979; x_wconf 95' lang='lat' dir='ltr'>nun</span> <span class='ocrx_word' id='word_1_227' title='bbox 770 3914 832 3995; x_wconf 81' lang='lat' dir='ltr'>gab</span> <span class='ocrx_word' id='word_1_228' title='bbox 863 3934 899 3980; x_wconf 91' lang='lat' dir='ltr'>er</span> <span class='ocrx_word' id='word_1_229' title='bbox 920 3914 983 3980; x_wconf 92' lang='lat' dir='ltr'>mir</span> <span class='ocrx_word' id='word_1_230' title='bbox 1011 3912 1073 3994; x_wconf 93' lang='lat' dir='ltr'>bei,</span> <span class='ocrx_word' id='word_1_231' title='bbox 1105 3914 1163 3979; x_wconf 92' lang='lat' dir='ltr'>der</span> <span class='ocrx_word' id='word_1_232' title='bbox 1191 3918 1306 3980; x_wconf 85' lang='lat' dir='ltr'>uertet</span> <span class='ocrx_word' id='word_1_233' title='bbox 1335 3912 1419 3979; x_wconf 90' lang='lat' dir='ltr'>mein</span> 
     </span>
    </p>

    <p class='ocr_par' dir='ltr' id='par_1_14' title="bbox 903 4019 1261 4098">
     <span class='ocr_line' id='line_1_33' title="bbox 903 4019 1261 4098; baseline 0 -14"><span class='ocrx_word' id='word_1_234' title='bbox 903 4039 954 4084; x_wconf 87' lang='lat' dir='ltr'>am</span> <span class='ocrx_word' id='word_1_235' title='bbox 978 4019 1115 4098; x_wconf 85' lang='lat' dir='ltr'>Markte,</span> <span class='ocrx_word' id='word_1_236' title='bbox 1257 4075 1261 4084; x_wconf 75' lang='grc'><strong>.</strong></span> 
     </span>
    </p>

    <p class='ocr_par' dir='ltr' id='par_1_15' title="bbox 370 4118 1419 4310">
     <span class='ocr_line' id='line_1_34' title="bbox 370 4118 1419 4206; baseline -0.005 -15"><span class='ocrx_word' id='word_1_237' title='bbox 370 4124 441 4191; x_wconf 91' lang='lat' dir='ltr'>Den</span> <span class='ocrx_word' id='word_1_238' title='bbox 463 4118 552 4187; x_wconf 85' lang='lat' dir='ltr'>Kaui</span> <span class='ocrx_word' id='word_1_239' title='bbox 571 4138 612 4188; x_wconf 90' lang='lat' dir='ltr'>zu</span> <span class='ocrx_word' id='word_1_240' title='bbox 634 4120 757 4189; x_wconf 86' lang='lat' dir='ltr'>iiefem.</span> <span class='ocrx_word' id='word_1_241' title='bbox 783 4122 850 4188; x_wconf 82' lang='lat' dir='ltr'>Str.</span> <span class='ocrx_word' id='word_1_242' title='bbox 875 4123 980 4190; x_wconf 82' lang='lat' dir='ltr'>Schdu</span> <span class='ocrx_word' id='word_1_243' title='bbox 1004 4123 1128 4188; x_wconf 85' lang='lat' dir='ltr'>soweit!</span> <span class='ocrx_word' id='word_1_244' title='bbox 1159 4121 1224 4206; x_wconf 81' lang='lat' dir='ltr'>Ep.</span> <span class='ocrx_word' id='word_1_245' title='bbox 1249 4121 1340 4187; x_wconf 86' lang='lat' dir='ltr'>Doch</span> <span class='ocrx_word' id='word_1_246' title='bbox 1361 4121 1419 4186; x_wconf 90' lang='lat' dir='ltr'>der</span> 
     </span>
     <span class='ocr_line' id='line_1_35' title="bbox 902 4224 1247 4310; baseline 0 -18"><span class='ocrx_word' id='word_1_247' title='bbox 902 4227 946 4292; x_wconf 85' lang='lat' dir='ltr'>ist</span> <span class='ocrx_word' id='word_1_248' title='bbox 968 4224 1070 4293; x_wconf 90' lang='lat' dir='ltr'>selbst</span> <span class='ocrx_word' id='word_1_249' title='bbox 1091 4226 1247 4310; x_wconf 80' lang='lat' dir='ltr'>gelieiert.</span> 
     </span>
    </p>
   </div>
   <div class='ocr_carea' id='block_1_8' title="bbox 0 0 1622 5106">
    <p class='ocr_par' dir='ltr' id='par_1_16' title="bbox 0 0 1622 5106">
     <span class='ocr_line' id='line_1_36' title="bbox 0 0 1622 5106; baseline 0 0"><span class='ocrx_word' id='word_1_250' title='bbox 0 0 1622 5106; x_wconf 95' lang='lat' dir='ltr'> </span> 
     </span>
    </p>
   </div>
  </div>
 </body>
</html>
